2512 4372
50 224 119 277 ao.
136 204 208 292 62]
369 221 577 274 ansanum
603 221 676 272 ms.
703 219 785 272 xrv.
1038 206 1104 282 139

63 387 65 393 ,
96 347 152 411 62.
175 344 294 410 Varius
323 367 438 422 sermo,
460 356 495 409 ot
524 344 565 408 ad
596 351 714 408 nictum
746 351 844 428 atque
872 343 952 409 iram
982 365 1107 410 accom-

52 434 213 507 modatus,
230 433 345 496 terruit
360 431 453 495 simul
468 432 650 495 audientem
666 442 700 494 et
715 430 879 494 accendit:
911 431 967 495 sed
992 453 1104 516 parum

53 519 185 583 valebat
209 519 345 602 suspicio
360 519 393 580 in
408 540 511 591 servo,
527 528 560 581 et
576 518 804 600 quaestiouibus
817 515 1000 581 ancillarum
1016 518 1107 583 clusa

52 615 136 670 erat.
182 605 272 688 Ergo
285 605 514 668 consessionem
530 603 666 686 alicujus
681 603 783 686 quaeri
798 603 915 685 placet,
931 605 984 668 cui
999 625 1106 669 rerum

54 713 186 775 quoque
211 711 364 754 novarum
387 691 508 754 crimen
531 689 769 772 adfingeretur:
802 702 837 752 et
866 689 951 753 visus
972 691 1106 756 idoneus

54 787 210 842 maternus
235 778 338 841 nccis‘
359 786 513 860 patrator,
530 777 698 850 Anicetus,
714 773 807 838 classi
830 776 914 858 apud
932 775 1103 852 Misenum,

56 875 93 928 nt
118 864 303 939 memoravi,
319 864 503 945 praefectus,
521 862 583 928 levi
597 873 669 946 post
683 860 856 924 admissum
872 861 976 926 scelus
990 865 1104 947 gratia,

55 951 130 1015 dein
144 951 292 1034 graviore
303 950 397 1013 odio:
414 949 490 1033 quia
503 949 657 1013 malorum
673 948 850 1012 facinorum
865 948 1000 1013 ministri
1012 952 1105 1031 quasi

54 1038 287 1120 exprobrantes
296 1035 502 1119 aspiciuntur.
527 1035 636 1120 Igitur
647 1034 784 1098 accitum
799 1055 872 1098 eum
883 1033 995 1122 Caesar
1010 1045 1106 1119 ‘ope-

57 1141 101 1186 rae
114 1122 246 1207 prioris’
260 1123 420 1186 admonet.
445 1120 579 1186 ‘Solum
592 1120 804 1185 incolumitati
820 1119 980 1205 Principis
992 1121 1106 1185 adver·
1184 1176 1188 1183 .

55 1232 108 1294 sus
133 1208 337 1273 insidiantem
361 1217 494 1271 matrem
519 1207 725 1272 subvenisse:
748 1207 852 1270 locum
876 1207 958 1272 haud
976 1208 1106 1272 minoris

57 1295 172 1377 gratiae
188 1295 316 1369 instare,
332 1296 360 1358 si
374 1295 542 1378 conjugem
558 1290 712 1358 infensam
728 1294 923 1378 depelleret:
937 1317 996 1359 nec
1008 1316 1105 1359 manu

56 1390 112 1446 aut
139 1380 206 1446 telo
230 1404 327 1466 opus:
360 1381 518 1444 fateretur
545 1379 690 1445 Octaviae
716 1380 920 1445 adulterium.
965 1380 1106 1451 Occulta

56 1468 189 1551 quidem
214 1470 254 1532 ad
281 1489 431 1552 praesens,
456 1467 511 1532 sed
536 1488 652 1552 magna
677 1467 709 1531 ei
735 1468 875 1551 praemia,
902 1476 936 1531 et
963 1489 1106 1532 secessus

55 1555 219 1619 amoenos'
241 1554 418 1640 promittit:
443 1553 520 1618 ‘vel
545 1554 571 1617 si
595 1553 786 1637 negavisset,
808 1555 933 1618 necem'
956 1554 1103 1619 intentat

57 1638 120 1704 Ille
134 1641 232 1705 insita
246 1640 405 1714 vecordia,
417 1647 452 1703 et
466 1639 621 1704 facilitate
634 1639 775 1724 priorum
791 1639 995 1724 flagitiorum,
1011 1641 1104 1726 plura

55 1728 182 1808 etium,“
202 1749 298 1812 quam
310 1727 434 1812 jussum
450 1738 530 1801 erat,
545 1725 648 1810 fingit,
665 1725 850 1809 fateturque
864 1728 950 1810 apud
974 1729 1102 1801 amicos,

56 1835 136 1897 qnos
160 1815 251 1878 velut
273 1813 403 1877 consilio
427 1813 617 1877 adhibuerat
636 1812 802 1895 Princeps.
845 1807 930 1878 Tu'm
946 1815 978 1878 in
995 1813 1114 1904 Sardi-¹

58 1900 164 1964 niam⁰
186 1901 325 1985 pellitur,
350 1900 405 1964 ubi
433 1921 494 1962 non
521 1899 613 1983 inops
637 1899 769 1963 exilium
795 1899 954 1976 toleravit,
979 1909 1014 1965 et
1036 1902 1104 1965 suto

57 1987 147 2050 obiit.

94 2072 153 2138 63.
176 2069 225 2135 At
253 2069 354 2149 Nero,
390 2071 603 2154 ‘praefectum
629 2071 664 2134 iu
691 2091 780 2154 spem
811 2071 968 2137 sociandus
996 2072 1104 2139 classis

56 2157 287 2243 corruptum,’'
307 2169 340 2223 et
354 2158 507 2223 incusatae
520 2157 617 2241 ‘paulo
632 2166 708 2220 aute
726 2157 961 2224 ‘sterilitatis’t
976 2161 1103 2235 oblitus,

57 2246 214 2310 ‘abactos
240 2254 350 2327 partus
374 2245 566 2309 conscientia
592 2243 767 2323 libidinum,
797 2264 901 2328 eaque
929 2245 988 2309 sibi
1018 2268 1103 2310 com-

57 2331 172 2416 perta,'
193 2331 489 2409 edictomemora13
511 2330 679 2414 insulaque
696 2328 911 2394 Pandataria¹
933 2331 1103 2398 Octaviam

56 2418 189 2483 claudit.
236 2415 312 2481 Non
335 2418 397 2482 alia
419 2418 495 2480 exul
520 2417 688 2480 visentium
712 2416 819 2480 oculos
843 2416 962 2481 ma'ore
983 2419 1105 2483 miseri-

57 2505 166 2569 cordia
185 2503 314 2568 adfecit.
361 2503 573 2569 Meminerant
596 2502 701 2566 adhuc
724 2502 856 2585 quidam
913 2504 1069 2589 grippinae
1085 2529 1106 2570 a

56 2589 185 2655 Tiberio
201 2601 232 2666 ;‘
271 2591 427 2655 recentior
462 2589 560 2655 Julius
596 2585 767 2652 memorial
809 2589 1047 2667 obversabatur,
1085 2614 1105 2658 a

57 2675 197 2742 Claudio
230 2677 352 2760 pulsae:
390 2676 444 2740 sed
477 2675 539 2739 illis
565 2677 664 2740 robur
685 2674 791 2739 aetatis
814 2675 983 2740 adfuerat:
1029 2678 1105 2743 laeta

57 2764 166 2849 aliqua
191 2762 348 2839 viderant,
372 2773 406 2826 et
424 2770 612 2847 praesentem
629 2761 784 2826 saevitiam
799 2762 936 2827 melioris
951 2763 1026 2831 olim
1040 2764 1114 2830 sor-n

59 2857 144 2914 tunae
170 2849 388 2914 recordatione
414 2849 604 2913 allevabunt.
649 2847 738 2913 Huic
761 2849 899 2933 primum
923 2851 1104 2935 nuptiarum

58 2937 128 3002 dies
151 2937 224 3000 loco
249 2935 467 3010 funerisfuit,
492 2936 641 2999 deductae
666 2935 700 2999 in
723 2935 875 3011 domum?
896 2935 928 2999 in
949 2959 1013 3021 qna
1028 2939 1106 3002 nihil

58 3023 120 3088 nisi
150 3023 332 3086 luctuosum
362 3021 505 3102 haberet,
536 3033 647 3107 erepto
676 3043 733 3106 per
760 3043 919 3086 venenum
944 3032 1045 3108 patre,
1072 3037 1107 3090 et

88 3217 98 3249 ⁸
113 3215 237 3264 Natam
245 3214 322 3279 ura]
340 3213 456 3262 Anicetus
467 3229 514 3261 vas
523 3215 566 3263 tle
598 3213 667 3264 ested
677 3213 709 3280 by
719 3212 847 3270 Anicctm,
856 3229 884 3262 ss
893 3217 978 3267 above.

58 3280 211 3329 uardmsrm
215 3279 359 3344 Agrippina,
367 3278 566 3328 Nero'smotlrsr:
623 3289 653 3393 :d
660 3279 817 3392 δεὶνίϋεαᾶι]
835 3279 881 3328 We
891 3295 941 3330 ssu
954 3281 1004 3333 this
1017 3284 1106 3352 charge

57 3348 132 3395 aas.
598 3361 622 3393 m
655 3360 692 3392 ec
727 3348 768 3393 dd.
971 3392 974 3403 ἱ

88 3419 103 3444 ·
117 3410 300 3474 Flanaticus]
320 3409 567 3473 Hsnotonlycoo·
631 3407 821 3472 ‘Pandaterid
857 3410 906 3461 rte
925 3413 1049 3475 islandus
1067 3417 1108 3466 St.

57 3475 133 3524 lesnes
161 3476 204 3523 me
233 3474 354 3538 adultery,
383 3475 427 3522 but
454 3474 566 3535 pretends
599 3474 810 3538 Muvp,intbebc
838 3475 866 3523 ot
873 3476 977 3529 Puteoli.

58 3545 109 3589 strat
125 3541 157 3587 be
173 3540 222 3587 lmd
234 3540 295 3587 ben
306 3539 423 3587 bribedto
434 3540 568 3602 bringovcr
630 3549 642 3572 ⁶
659 3529 746 3601 Agr-is
759 3490 828 3604 Tilal
842 3541 988 3606 Agrippina,
1005 3545 1063 3593 vvile
1082 3549 1111 3595 ol

56 3608 97 3654 tbe
108 3605 165 3652 lieet
175 3605 203 3652 oi
216 3606 257 3652 tlte
270 3604 402 3652 Miseniuns
412 3614 437 3652 tc
453 3605 495 3651 tbe
513 3605 567 3652 side
599 3604 764 3660 Germanicus,
784 3618 834 3652 vass
851 3606 970 3656 bunisbed
986 3609 1020 3674 by
1034 3610 1107 3658 Tibe·

57 3671 85 3718 ol
91 3669 196 3719 Octavia
207 3668 300 3731 against
310 3669 384 3717 Nero.
546 3709 555 3725 ,
598 3670 681 3719 riosto
694 3669 843 3719 Pandataria.

87 3743 102 3769 ⁰
118 3735 151 3784 Is
163 3734 315 3797 Sardiniam]
332 3735 410 3795 Mela,
426 3733 454 3788 ii,
469 3737 495 3780 ⁷.
510 3746 568 3796 says
626 3733 722 3784 Halia
729 3735 853 3799 memorio]
864 3735 981 3793 ollulis,
988 3737 1107 3802 daughter

57 3792 122 3856 ota,
132 3800 188 3847 tlsat
200 3797 257 3846 itis
274 3799 387 3859 ‘renim
397 3808 421 3846 et
431 3799 485 3853 soli,
496 3812 569 3859 quun
600 3799 627 3848 ef
642 3800 800 3849 Germanicus
819 3801 867 3848 and
885 3800 1027 3865 Agrippina.
1060 3805 1106 3852 See

56 3862 253 3923 enlinnelieriu
268 3872 342 3928 atque
359 3874 388 3912 ut
405 3862 523 3921 toecunda,
533 3862 569 3912 im
599 3865 635 3914 St.
647 3864 677 3913 C.
687 3869 728 3913 97.

56 3926 277 4059 pupecpcaepplpena}
311 3991 402 4042 Which
428 4007 477 4042 m
496 3992 556 4042 W
630 3927 804 3994 ‘ladomnmj
821 3927 857 3976 Os
870 3927 944 3978 Nero.

225 4008 264 4043 u
547 4009 568 4042 s·
