2512 4372
53 202 205 285 turea]
380 217 589 269 nnunnrnu
615 216 695 267 nra:
714 216 803 267 xrrr.
1077 186 1137 273 79ἵ

55 342 189 405 dm:
224 339 353 422 reliqua
385 339 495 421 praeda
525 337 702 400 victoribus
731 339 858 402 cessit·
883 338 962 403 Pari
991 339 1133 411 sonum

56 427 182 510 legebus
203 446 241 489 ac
261 424 436 509 praefectus
457 424 506 486 usi
527 431 614 497 sunt,
636 423 803 506 tribusque
825 446 888 487 una
907 426 961 488 die
982 426 1126 493 castellis¹

55 513 267 596 expugnatis,
291 520 400 574 cetera
427 519 557 581 terrore,
585 517 619 571 et
647 508 709 571 alia
735 517 848 593 sponte
872 513 1059 593 incolarum,
1086 514 1120 578 ir'r

57 598 254 662 deditionem
271 598 461 670 veniebant3
484 595 571 658 unde
589 602 663 657 orta·
680 594 798 658 fiducia
816 606 913 679 caput
935 600 1041 681 gentis
1056 598 1129 663 Aa·

59 683 192 748 tanata⁶
207 682 432 765 adgrediendi.
479 682 552 745 Nec
575 688 683 743 tamen
709 682 854 762 proximo
872 684 988 746 itinere
1013 687 1126 749 ductae¹

58 771 213 853 legiones,
230 790 305 852 quae
321 769 348 831 si
363 788 486 831 amnem
502 764 662 844 Araxen,‘
677 767 735 848 qui
750 769 871 831 moenia
891 768 1006 844 adluit,
1022 781 1120 854 ponte

60 855 371 938 transgrederentur,
382 855 442 917 sub
455 853 555 916 ictum
571 851 749 915 dabantur:
772 855 895 936 procul,
909 864 943 917 et
957 856 1124 921 latioribus

61 942 153 1011 vadis
169 941 336 1005 transiere.

19 1088 23 1095 .
90 1028 159 1091 du.
183 1029 231 1090 At
246 1025 420 1103 Tiridates,
436 1024 558 1106 pudore
572 1029 606 1084 et
621 1031 721 1097 metu,
736 1042 788 1103 ne,
803 1025 831 1087 si
845 1027 1051 1090 concessisset
1066 1028 1120 1091 oh·-

61 1112 189 1186 sidloni‚
201 1111 287 1174 nibil
297 1111 365 1194 opis
381 1111 413 1173 in
428 1111 496 1191 ipso
508 1109 693 1181 videretur;
709 1109 736 1172 si
751 1111 943 1191 prohiberet,
959 1114 1122 1196 impeditis

61 1199 138 1262 locis
160 1218 263 1281 seque
277 1205 311 1259 et
327 1205 491 1280 equestres
512 1194 620 1276 copias
637 1194 804 1277 inligaret3
827 1200 942 1261 statuit
961 1208 1121 1283 postremo

62 1284 232 1353 ostendere
248 1283 361 1356 aciem,
381 1291 416 1345 et
434 1282 510 1344 dato
531 1279 606 1343 die‘
625 1281 770 1363 praelium
791 1284 941 1367 incipere,
958 1280 1010 1348 uel
1025 1285 1128 1350 simu·

62 1370 182 1435 latione
196 1370 285 1452 fugae
309 1369 413 1431 locum
430 1367 533 1430 fraudi
556 1387 679 1449 parare.
724 1365 833 1448 Igitur
855 1380 986 1452 repente
1008 1390 1125 1454 agmen

63 1456 247 1520 Romanurn
270 1453 509 1527 circumfundit,
528 1472 590 1514 non
610 1451 721 1535 ignaro
742 1455 825 1517 duce
844 1467 962 1529 nostro,
986 1459 1044 1540 qui
1061 1460 1128 1521 viae

63 1542 186 1624 pariter
205 1548 239 1603 et
257 1562 375 1623 pugnas
396 1544 617 1621 composuerat
635 1539 826 1603 exercitum.
874 1541 990 1606 Latere
1006 1545 1125 1607 dextro

63 1628 161 1692 tertia
175 1627 273 1711 legio,
287 1626 415 1689 sinistro
428 1634 522 1687 sexta
535 1623 714 1701 incedebat,
728 1626 839 1688 mediis
855 1626 1125 1694 decumanorum‘

64 1712 220 1776 delectis:
252 1721 381 1794 recepta
406 1713 490 1774 inter
516 1710 642 1772 ordines
668 1710 907 1791 impedimenta,
934 1723 967 1776 et
997 1724 1125 1796 tergum¹

65 1799 158 1864 mille
175 1797 303 1882 equites
326 1798 515 1860 tuebantur:
540 1795 655 1877 quibus
672 1796 824 1878 jusserat,
850 1803 913 1862 ‘ut
931 1802 1125 1867 instantibus

66 1884 208 1949 eominus
222 1884 419 1961 resisterent,
436 1883 567 1964 refugos
583 1902 645 1944 non
662 1885 893 1964 sequerentur!
923 1885 962 1948 In
978 1888 1125 1953 cornibus

66 1971 195 2054 pedites
215 1969 453 2053 sagittariique,
470 1978 504 2030 et
527 1975 635 2030 cetera
656 1986 768 2031 manus
789 1971 935 2052 equitum
959 1970 1036 2047 ibat,
1052 1992 1127 2057 pro:

67 2056 197 2121 doctior
208 2076 308 2118 cornu
324 2056 356 2117 in
371 2055 497 2118 sinistro
512 2074 570 2134 per
585 2052 649 2114 ima
663 2053 800 2130 collium,
818 2065 854 2119 ut
871 2057 898 2118 si
914 2057 1011 2121 bostis
1027 2059 1127 2122 intra

67 2143 179 2220 auset,
196 2141 303 2204 fronte
317 2140 411 2203 simul
429 2142 465 2202 et
484 2139 554 2202 sinu
569 2138 785 2220 exciperetur.
830 2140 1004 2205 Adsultnre
1020 2164 1062 2206 ex
1076 2144 1125 2208 di-

67 2226 346 2301 verso'l'iridates,
364 2248 425 2290 non
440 2246 543 2307 usque
566 2225 605 2286 ad
624 2224 748 2306 jactum
773 2227 841 2301 teli,
861 2229 917 2291 sed
942 2237 1008 2291 tum
1031 2230 1126 2292 mini-

68 2324 154 2393 tans,
175 2321 245 2376 tum
265 2312 372 2396 specie
393 2310 593 2392 trepidantis,
616 2311 642 2371 ri
664 2311 773 2375 laxare
794 2313 921 2376 ordines
936 2322 970 2376 et
985 2315 1127 2378 diversos

69 2400 246 2464 consectari
265 2408 381 2480 posset.
428 2396 495 2460 Ubi
515 2395 594 2459 nibil
616 2396 801 2459 temeritate·
817 2398 966 2472 solutum,
983 2418 1042 2462 nec
1062 2414 1126 2463 am-

69 2484 179 2570 pliuss
193 2505 290 2568 quam
305 2483 435 2547 decurio
450 2483 606 2566 equitum,
623 2481 795 2544 audentius
813 2493 1009 2569 progressus,
1027 2493 1060 2547 et
1076 2506 1128 2549 sa-·

71 2573 162 2655 gittis
176 2570 333 2644 confixus,
350 2579 471 2633 ceteros
492 2568 531 2631 od
554 2568 742 2649 obsequium
765 2571 913 2652 exemplo
932 2570 1127 2648 firmaverat,

71 2657 259 2741 propinquis
269 2656 336 2739 jam
353 2654 493 2719 tenebris
508 2653 668 2717 abscessit.

113 2745 169 2806 41.
198 2743 243 2806 Et
270 2740 423 2820 Corbulo,
451 2749 555 2804 castra
577 2739 610 2800 in
636 2738 704 2802 loco
727 2747 877 2816 metatus,
905 2764 945 2805 an
967 2745 1129 2828 expeditis

72 2958 162 3000 msa
176 2948 275 2997 mne:
298 2962 400 3011 namque
417 2954 487 2995 ntea
501 2958 588 2994 corona
620 2942 728 3008 displays
744 2943 781 2992 his
798 2960 872 3011 army,
888 2947 1013 3013 intending
1030 2961 1055 2998 to
1070 2946 1132 3014 light

73 3017 170 3078 dmum
183 3021 237 3063 erat
249 3014 397 3076 captivorum
412 3013 542 3072 venalium,
552 3010 588 3056 ita
619 3016 679 3054 next
689 3009 744 3071 day.
761 3058 764 3062 Δ

75 3081 155 3143 pileus
174 3078 303 3142 impositus
324 3076 502 3124 demonstrabat
524 3073 589 3136 ejus·
652 3073 770 3122 ‘Mediis
796 3076 988 3139 decumanorum]
1032 3077 1130 3129 Choeen

76 3146 141 3192 modi
163 3158 245 3190 servos
260 3141 409 3203 venumdari,
426 3155 525 3204 quorum
545 3153 587 3186 no·
620 3150 673 3183 rnen
685 3137 713 3184 oi
726 3137 767 3184 the
784 3141 852 3187 tenth
870 3141 949 3205 legion
965 3156 1028 3190 were
1044 3144 1133 3206 posted

75 3210 141 3258 ntiae
158 3208 244 3256 emtori
258 3206 366 3255 venditor
381 3206 443 3253 nibil
459 3212 589 3269 prestaret.
621 3201 646 3247 in
658 3202 697 3248 the
710 3201 807 3250 middle.

76 3274 123 3323 Fet
137 3279 220 3320 antem
236 3272 285 3318 alia
297 3271 397 3318 rationis
413 3271 488 3334 hujus
499 3268 589 3332 opinio,
650 3264 667 3308 s
675 3266 728 3314 Nec
738 3266 850 3329 amplius]
866 3268 945 3316 When
955 3268 1071 3318 Tiridates
1081 3287 1132 3323 saw

76 3336 177 3387 maie
186 3337 283 3384 solitum
292 3337 323 3382 sit
331 3336 439 3399 captivos
448 3335 492 3382 sub
504 3347 590 3382 corona
622 3330 674 3378 tbat
685 3332 724 3377 the
736 3331 863 3394 discipline
875 3348 922 3381 was
938 3334 964 3383 in
980 3349 1012 3382 no
1027 3351 1081 3402 way
1093 3353 1131 3387 η.

76 3401 228 3457 venumdari,
256 3399 320 3463 qnod
346 3401 445 3455 milites,
475 3398 589 3448 custodia
623 3395 693 3442 laxcd
703 3394 804 3459 through
815 3399 927 3463 temerity
934 3399 994 3458 3but
1004 3396 1065 3456 tliat,
1074 3403 1134 3451 alter

77 3480 158 3521 msa
185 3465 334 3528 captivorum
358 3465 479 3512 venalium
507 3477 590 3525 greges
623 3460 665 3506 the
676 3459 752 3523 single
763 3461 871 3510 instance
883 3465 909 3510 cf
918 3478 947 3510 an
960 3464 1040 3511 officer
1050 3465 1078 3513 of
1090 3467 1132 3517 tlte

77 3532 272 3580 drcumsmrent:
288 3543 365 3591 eaque
376 3529 538 3577 circumstatio
549 3527 590 3574 mi·
623 3523 700 3579 horse,
717 3524 770 3572 who
792 3527 840 3574 had
859 3524 982 3576 adveuced
1003 3536 1043 3576 too
1061 3531 1133 3579 confi·

77 3598 146 3644 litum
166 3609 257 3643 corona
276 3595 399 3656 appellata
419 3595 458 3642 rit.
497 3592 545 3639 Sed
564 3590 591 3638 id
624 3590 718 3652 dently,
728 3589 776 3636 and
786 3605 836 3638 war
846 3591 921 3640 killed
933 3592 1016 3656 hythe
1027 3594 1134 3659 enemp's

163 3672 249 3707 verum
261 3666 299 3705 est
310 3659 373 3720 quod
384 3673 456 3720 supra
467 3656 533 3705 dlxi:
624 3669 721 3707 amows,
741 3655 782 3702 the
802 3664 850 3704 rest
866 3658 893 3703 ol
909 3660 948 3705 the
967 3654 1072 3704 Romans
1091 3659 1134 3705 ad·

99 3758 102 3763 -
138 3723 275 3785 Artaxata]
296 3721 348 3769 The
358 3724 423 3769 ruins
434 3723 523 3770 romain
535 3734 592 3768 near
624 3719 695 3766 hered
707 3719 786 3782 tirmly
798 3728 823 3767 to
833 3721 923 3777 orders,
936 3723 965 3767 lte
979 3720 1097 3767 retreated
1112 3731 1137 3770 at

78 3788 218 3843 Kuimirtb,
230 3800 258 3835 ae
269 3800 318 3833 was
329 3787 381 3836 said
391 3788 415 3833 in
429 3787 461 3834 A.
472 3787 500 3849 ii⁷
510 3789 551 3833 65.
623 3783 665 3830 the
678 3784 742 3830 cluse
754 3785 781 3831 of
789 3783 846 3848 day.
870 3785 922 3833 The
931 3789 940 3814 ‘
949 3783 1045 3832 turmae’
1057 3785 1084 3831 ol
1092 3785 1134 3833 tbe

110 3853 251 3914 “Anum]
271 3851 387 3901 Novus
397 3855 470 3901 Arar.
502 3849 591 3905 mxii,
624 3848 720 3911 cavalry
735 3862 798 3895 were
814 3849 914 3897 divided
928 3850 980 3897 into
997 3847 1137 3914 ‘decuria’

78 3923 120 3969 rt
223 3928 226 3933 ⁴
625 3920 704 3962 orten
714 3913 874 3963 menheaded
887 3911 1086 3978 bya‘decurio.’

100 3980 124 4021 ,d
140 3978 279 4043 Donate]
311 3977 373 4028 Lata
388 3979 415 4028 in
433 3981 476 4029 the
495 3979 543 4043 day
560 3978 592 4027 he
