2512 4372
151 202 217 267 132
471 216 502 266 c.
534 216 718 267 connum
740 216 876 265 uncini
987 197 1117 285 [amc.
1134 202 1211 268 815.

152 349 186 403 et
214 337 304 402 Nem
333 338 373 402 ad
403 338 577 402 deteriores
605 337 790 401 inclinabat.
851 335 900 401 Hi
936 338 1033 402 variis
1063 338 1210 403 crimina-

152 426 290 489 tionibus
307 424 465 490 Senecam
480 424 679 497 ndori-untur,
705 434 888 508 ‘tamquam
915 424 1062 507 ingentes
1085 434 1121 488 et
1144 425 1211 511 pri·

153 520 262 575 vatum
279 513 520 594 supramodum
536 521 666 574 evectas
687 526 766 594 opes
792 512 897 574 adbuc
922 496 1076 594 aagendam
1109 515 1210 596 quod-

153 620 218 682 que
247 599 356 663 studia
386 599 506 661 civium
537 598 568 661 in
596 619 631 661 se
659 609 819 661 verteret:
857 599 1042 661 hortorum⁵
1079 621 1210 684 qnoque

151 685 340 750 amoenitate
373 695 407 748 et
438 685 584 748 villarum
623 685 859 767 magnificentia
897 686 988 768 qnasi
1024 684 1210 770 Principem

151 772 459 856 supergrederetur?
505 771 710 854 Objiciebant
733 772 849 834 ‘etiam
871 771 1064 855 eloquentiae
1081 773 1208 850 landem

152 861 209 921 uni
233 859 294 923 sibi
319 860 507 937 adsciscere,
536 866 570 921 et
594 858 735 920 carmina
758 859 899 922 crebrius
926 858 1101 938 factitare,⁰
1122 872 1209 943 post·

152 968 248 1027 qnam
268 945 392 1009 Neroni
415 966 503 1009 amor
528 965 637 1008 eorum
669 944 830 1008 venisset:
867 967 941 1008 nam
965 945 1210 1010 oblectamentis

154 1031 313 1117 Principis
336 1033 441 1116 palam
464 1031 621 1113 iniquum,
647 1032 826 1095 detrectare
851 1032 915 1095 vim
940 1031 1010 1114 ejus
1034 1053 1137 1116 equos
1160 1055 1209 1097 re-

87 1150 94 1168 ι
152 1120 278 1202 gentis3
301 1119 447 1183 inludere
463 1139 558 1182 voces
573 1117 722 1201 quotiens
737 1127 878 1182 caneret.
921 1116 1029 1195 Quem
1052 1120 1093 1183 ed
1115 1120 1208 1184 finem

151 1207 228 1269 nihil
245 1208 276 1268 in
297 1206 460 1289 republica
483 1204 603 1267 clarum
628 1204 706 1278 fore,
724 1206 809 1286 qnod
838 1227 899 1267 non
927 1206 967 1268 ab
993 1204 1049 1268 illo
1076 1207 1209 1290 reperiri

151 1293 311 1356 credatur.
358 1293 456 1357 Certe
470 1290 591 1354 finitam
618 1291 758 1354 Neronis
782 1292 964 1375 pueritiam,
980 1301 1014 1355 et
1036 1294 1134 1356 robur
1155 1295 1209 1378 jn-

151 1388 256 1442 ventae
272 1380 404 1441 edesse:
432 1387 569 1441 exueret
589 1378 788 1461 magistrum,
806 1379 883 1442 satis
899 1379 1012 1462 amplis
1026 1378 1209 1444 doctoribus

150 1465 335 1537 instructus,
352 1464 524 1549 majoribus
540 1464 626 1527 suis!

194 1552 247 1615 53.
272 1551 321 1615 At
334 1553 471 1626 Seneca,
487 1552 721 1616 criminantium
744 1573 806 1615 non
829 1551 971 1635 ignarus,
998 1553 1209 1633 prodentibus

152 1636 202 1712 iis,
226 1639 342 1722 quibus
379 1639 488 1722 aliqua
518 1638 642 1701 honesti
671 1661 757 1713 cura,
790 1647 824 1701 et
856 1638 1107 1702 familiaritatem
1138 1640 1208 1723 ejus

150 1726 253 1808 magis
279 1739 469 1808 aspernante
493 1724 634 1800 Caesare,
663 1736 789 1809 tempus
813 1727 950 1788 sermoni
976 1735 1065 1800 orat;
1098 1735 1134 1789 et
1157 1748 1208 1790 ac·

151 1823 256 1895 cepto,
281 1813 328 1876 ita
357 1811 487 1896 incipit:
523 1811 834 1890 ‘Quartusdecimus
864 1833 965 1875 annus
994 1822 1055 1886 est,
1085 1811 1206 1890 Caesar,

152 1921 195 1961 ex
224 1921 288 1983 quo
318 1899 386 1982 spei
416 1908 481 1962 tnoe
506 1898 652 1963 admotus
676 1922 766 1973 surm
803 1907 946 1977 octavus,
973 1909 1011 1962 ut
1039 1900 1208 1982 imperium

150 1986 290 2050 obtines:
320 1986 427 2048 medio
448 1987 599 2068 temporis
619 1996 744 2049 tantum
763 1986 916 2049 honorum
939 1995 1039 2068 atque
1063 2007 1160 2069 opum
1176 1988 1207 2049 in

151 2092 204 2135 me
219 2071 399 2151 cumulasti,
416 2079 453 2134 nt
472 2072 554 2135 nihil
574 2072 721 2137 felicitati
741 2094 821 2136 meae
844 2072 940 2144 desit,
956 2072 1017 2135 nisi
1033 2073 1209 2137 moderatio

151 2160 234 2243 ejus.
280 2158 367 2223 Utar
381 2159 504 2243 magnis
521 2159 689 2242 exemplis,
706 2182 764 2223 nec
787 2180 866 2222 meae
888 2160 1038 2231 fortunae,
1056 2161 1113 2223 sed
1130 2168 1207 2223 tue.

151 2247 286 2310 Abarne
315 2256 390 2310 tuus
415 2245 598 2329 Augustus,
629 2246 676 2309 Μ.
700 2247 856 2330 Agrippae
874 2245 1090 2329 Mitylenense
1105 2246 1208 2310 secre-

154 2336 265 2406 tum;⁴
301 2333 340 2398 C.
371 2331 546 2398 Maecenati
574 2331 687 2397 Urbe‘
724 2334 757 2396 in
785 2333 855 2416 ipsa
885 2333 976 2395 velut
1003 2334 1208 2417 peregrinum

150 2421 252 2484 otium
288 2421 450 2504 permisit:
490 2441 624 2504 quornm
666 2420 747 2484 alter
787 2421 937 2483 bellorum
977 2421 1092 2494 socius,
1125 2420 1207 2483 alter

153 2505 267 2571 Romae
285 2507 429 2591 pluribus
444 2508 604 2571 laboribus
615 2507 769 2591 jactatus,
785 2508 891 2590 ampla
914 2505 1057 2587 quidem,
1072 2507 1128 2570 sed
1152 2528 1208 2591 pro

151 2594 336 2678 ingentibus
359 2595 491 2669 meritis,
517 2596 650 2678 proemia
669 2603 870 2679 acceperant.
917 2592 990 2678 Ego
1016 2594 1094 2677 quid
1120 2593 1207 2657 aliud

148 2817 174 2867 ¹u
195 2821 232 2868 his
250 2819 328 2884 pride,
340 2819 377 2867 his
392 2819 546 2876 cannatina,
557 2821 604 2867 aad
623 2820 663 2869 his
695 2819 834 2885 ablegatio,’
853 2837 880 2869 aa
892 2821 965 2885 Pliny
986 2821 1094 2879 testifica,
1113 2822 1208 2884 vihta.

151 2885 257 2998 princelp
283 2893 463 2948 extravagante.
508 2885 545 2933 He
573 2884 596 2932 is
619 2887 661 2933 the
695 2887 741 2934 See
752 2887 803 2935 also
815 2887 882 2934 Suet.
895 2886 959 2950 Aug.
969 2891 1010 2934 66.
1027 2885 1131 2936 Tinna.
1150 2887 1208 2948 Dio,

150 2965 216 2998 more
251 2951 361 3012 eserving
377 2950 405 2998 of
417 2965 526 3009 censure,
542 2950 662 2998 inasmuch
695 2952 741 3007 liii,
758 2968 783 3015 p.
801 2955 859 2999 518.
890 2952 950 2999 This
973 2951 1099 3013 happened
1123 2953 1147 3000 in
1167 2953 1208 2998 the

152 3031 187 3070 as,
205 3030 236 3062 on
259 3016 398 3078 perceiving
417 3017 458 3064 the
479 3016 618 3064 tendancies
639 3017 667 3064 of
695 3032 754 3081 year
772 3020 921 3072 matthia
942 3016 1022 3064 which
1044 3016 1210 3079 Aarippa,for

151 3079 225 3134 Nero,
249 3082 327 3129 ‘inter
344 3069 470 3129 familiares
491 3080 575 3128 solitus
596 3090 662 3129 esset
694 3082 735 3129 the
755 3085 813 3129 salte
832 3082 859 3130 of
876 3082 988 3146 avoiding
1000 3083 1089 3193 ¹giving
1106 3082 1209 3140 offense,

151 3144 241 3202 dicere,
257 3143 313 3193 Non
332 3146 381 3194 fore
391 3162 455 3195 savo
467 3146 503 3194 illi
513 3146 663 3210 leoni,quin‚
694 3147 782 3194 retired
806 3154 832 3192 to
853 3148 896 3195 the
916 3147 961 3194 isle
984 3161 999 3191 o
1033 3145 1133 3199 Lesbos.
1153 3162 1208 3194 now

149 3217 245 3272 gustato
255 3212 329 3258 mmel
340 3212 446 3260 hominis
455 3212 664 3275 cruore‚ingenita
695 3213 772 3260 called
785 3213 888 3262 Metella
899 3212 958 3260 from
974 3211 1005 3259 ita
1022 3211 1140 3274 principal
1158 3213 1208 3277 city

150 3275 234 3324 redeat
252 3276 363 3326 sevitia!
388 3278 445 3327 Vct.
462 3278 542 3326 Schol.
561 3278 586 3324 in
604 3277 662 3326 Jnv.
695 3278 825 3339 Mitylene.

151 3341 201 3388 Set.
213 3357 236 3401 v,
249 3345 305 3390 loa.
727 3351 737 3375 θ
758 3342 833 3405 thoe]
843 3341 872 3389 lu
880 3341 961 3389 which
969 3356 1034 3388 were
1045 3339 1088 3388 the
1099 3339 1208 3404 princely

184 3404 357 3471 ⁶Hortorann]
373 3405 579 3456 Seethenertch
616 3414 658 3456 ter.
695 3406 797 3471 gardent
813 3407 841 3456 of
856 3408 986 3454 llloecenrs.
1017 3405 1079 3453 'l'his
1095 3405 1117 3453 is
1130 3405 1209 3468 jnrtly

182 3479 192 3503 θ
221 3471 512 3534 ommino—factitare]
552 3473 601 3522 Per
619 3487 663 3536 aps
695 3471 810 3520 censured
824 3472 859 3538 by
874 3472 1035 3526 Plin.xia.t.
1068 3469 1141 3518 ‘Jam
1157 3471 1209 3533 qoi-

152 3551 218 3588 aome
233 3537 261 3585 of
276 3540 348 3584 those
359 3536 477 3599 tragedier
488 3536 566 3587 which
577 3554 608 3601 go
619 3555 663 3586 nn·
695 3537 749 3585 dem
769 3538 890 3586 hortorum
910 3537 1005 3584 nornine
1026 3536 1052 3583 in
1070 3535 1126 3600 ipsa
1144 3533 1209 3584 Urbe

151 3603 195 3650 der
215 3595 252 3650 his
274 3618 357 3650 name:
386 3601 533 3650 sententious
556 3605 662 3666 enough,
694 3603 805 3661 delicies,
831 3617 900 3663 agros
926 3603 1046 3664 villasque
1075 3600 1210 3677 pomoeria.

153 3670 196 3716 but
223 3668 278 3715 sith
300 3668 363 3715 little
387 3667 523 3731 protensior
542 3676 568 3715 to
587 3669 662 3731 aregio
695 3668 791 3717 Primus
807 3669 852 3715 hoc
870 3667 974 3715 instituit
991 3667 1098 3714 Athenae
1119 3664 1209 3728 Epicu·

151 3733 307 3790 excellerem
341 3732 388 3780 and
416 3732 555 3795 containing
581 3734 663 3796 things
695 3748 745 3788 rus,
767 3732 811 3781 otii
832 3732 960 3794 magister:
990 3744 1066 3794 usqua
1091 3729 1124 3778 ad
1144 3743 1208 3784 eun.

151 3800 229 3847 which
240 3797 360 3847 decredit
373 3797 468 3846 neither
483 3806 507 3845 to
524 3797 562 3845 bis
578 3797 663 3863 genius
696 3797 768 3847 moris
785 3812 834 3845 non
852 3797 930 3845 tuerat
946 3797 972 3844 in
990 3795 1087 3860 oppidis
1106 3793 1209 3859 habitari

150 3865 306 3928 acrhisage.
693 3879 757 3912 rura.
791 3861 875 3910 nome
895 3861 990 3925 quidem
1013 3875 1057 3924 per
1078 3875 1104 3909 ee
1126 3859 1208 3907 hortat

186 3926 520 3993 ‘Mitylaenmetemtanl
547 3927 600 3976 ‘At
618 3943 662 3990 pu-
694 3943 751 3992 rger
767 3927 879 3991 pauperis
898 3925 967 3975 erat!
995 3925 1032 3974 Of
1048 3927 1091 3974 the
1107 3923 1209 3989 perlue

150 3993 231 4042 &ada
251 3994 298 4043 tusis
317 3992 454 4059 [dogm]
474 3991 526 4042 hac
546 3991 662 4059 sgepp·
694 3993 723 4042 ot
732 3993 863 4057 blaesum,
873 4005 990 4042 tecnon
1002 3991 1028 4040 in
1038 3991 1070 4040 Δ.
1083 4004 1125 4046 xv,
1135 3992 1175 4040 80.
