2512 4372
66 195 137 244 rm.
154 179 224 258 59]
390 193 600 242 tunsarum
627 193 701 242 arn.
727 194 810 244 xrv.
1061 170 1127 250 107
1172 194 1177 204 ·

68 314 207 388 celebre,
239 323 273 378 et
311 313 454 377 Deorum
492 313 604 377 honori
640 315 771 379 datum:
816 314 981 378 enimvero
1013 325 1126 378 cantus

70 401 215 485 Apollini
231 421 347 473 sacros,
364 401 486 483 talique
506 412 620 464 ornatu
643 403 781 475 adstare,
797 423 860 464 non
882 402 976 464 modo
1001 399 1126 467 Graecis

69 489 104 550 in
132 489 276 562 urbibus,
293 488 349 550 sed
366 485 512 550 Romana
529 489 613 571 apud
640 488 771 572 templa,
787 508 903 550 numen
928 487 1125 571 proecipuum

65 583 101 636 et
118 573 310 657 praescium.'
354 572 428 637 Nec
452 573 520 656 jam
545 574 615 636 sisti
644 584 771 657 potarat
791 598 807 649 ς.
824 595 897 638 cum
926 575 1059 639 Senecae
1088 597 1125 642 ac

69 659 178 723 Burro
196 662 309 734 risum,
326 680 366 721 ne
387 669 525 742 utraque
540 660 753 743 pervinceret,
774 660 909 724 alterum
927 663 1124 728 concedere:

66 747 280 831 clausumque
311 745 393 810 valle
424 744 583 810 Vaticana
608 749 774 830 spatium,“
803 746 836 809 in
863 768 926 830 quo
949 769 1049 831 equos
1075 771 1125 813 re·
1221 794 1224 799 <

68 842 175 916 geret,
206 834 291 897 haud
321 832 501 914 promiscuo
530 834 757 916 spectaculot⁰
794 854 867 896 mox
899 833 985 896 ultro
1015 837 1124 900 vocari

68 919 208 1002 populus
236 919 410 994 Romanus,
439 918 653 1004 laudibusque
675 919 844 993 extollere,
871 927 909 982 ut
932 929 981 982 est
1007 922 1124 1004 vulgus

67 1005 202 1089 cupiens
217 1006 429 1089 voluptatum,
446 1015 490 1079 et,
505 1006 531 1068 si
555 1008 668 1070 eodem
693 1006 850 1090 Princeps
869 1005 986 1084 trahat,
1002 1006 1122 1073 laetum.

68 1091 225 1156 Ceterum
241 1092 410 1176 evulgatus
425 1093 528 1175 pudor
545 1115 606 1156 non
625 1093 817 1167 satietatem,
834 1101 869 1157 ut
887 1094 1049 1171 rebantur,
1066 1096 1122 1160 sed

64 1179 310 1243 incitamentum
330 1179 457 1242 attulit:
487 1188 642 1263 ratusque
665 1181 806 1244 dedecus
829 1178 956 1258 molliri,
974 1181 1001 1243 si
1016 1181 1129 1264 plures

65 1266 237 1340 foedasset,
255 1265 407 1330 nobilium
429 1264 619 1329 familiarum
644 1278 800 1351 posteros,
815 1275 961 1350 egestate
984 1268 1121 1343 venales,

66 1351 100 1415 iu
126 1363 256 1416 scenam
280 1352 436 1417 deduxit:
469 1373 549 1434 quos
573 1353 641 1416 fato
664 1353 858 1436 perfunctos,
875 1374 915 1415 ne
937 1353 1122 1418 nominatim

66 1439 206 1513 tradam,
236 1438 409 1524 majoribus
438 1458 550 1501 eorum
581 1440 785 1504 tribuendum
815 1444 894 1523 pu'to
910 1446 942 1501 τ’
986 1462 1056 1504 uam
1088 1449 1122 1505 et

66 1525 140 1610 ejus
164 1526 321 1610 flagitium
341 1535 401 1604 est,
418 1525 475 1608 qui
500 1527 666 1609 pecuniam
689 1528 729 1590 ob
750 1525 868 1593 delicta
890 1525 997 1619 potius
1020 1528 1120 1602 dedit,

65 1633 167 1696 quam
182 1633 223 1676 ne
237 1612 472 1696 delinquerent.
520 1611 626 1676 Notos
650 1635 781 1697 quoque
804 1604 937 1696 equitet
957 1609 1119 1681 Romanoa

64 1718 179 1782 operas
209 1721 315 1763 arente
345 1699 531 1781 promittere
556 1700 684 1783 subegit
708 1699 800 1762 donis
826 1698 1029 1782 ingentibus;
1061 1701 1121 1765 nisi

65 1786 152 1869 quod
181 1807 303 1850 merces
325 1786 366 1849 ab
390 1807 440 1860 eo,
465 1785 522 1868 qui
548 1785 664 1870 jubere
691 1794 808 1870 potest,
834 1787 900 1856 vim
924 1787 1120 1853 necessitatis

65 1872 201 1937 adfert!
1114 1931 1116 1937 .

108 1959 164 2022 15.
189 1957 244 2022 Ne
274 1967 379 2022 tamen
408 1959 512 2023 adhuc
542 1957 670 2042 publico
694 1959 819 2022 theatro
843 1957 1117 2035 dehonestaretur,

62 2044 206 2109 instituit
232 2045 333 2121 ludos,
371 2045 577 2111 Juvenalium
611 2045 796 2119 vocabulo,⁸
828 2044 860 2108 in
896 2067 977 2129 quos
1000 2048 1119 2129 passim

62 2132 192 2196 nomina
215 2132 311 2195 data:
344 2154 405 2195 non
428 2133 574 2196 nobilitas
599 2133 758 2215 cuiquam,
775 2153 837 2194 non
863 2141 951 2203 aetas,
974 2141 1030 2194 aut
1055 2135 1120 2197 acti

65 2219 200 2282 honores
225 2219 461 2301 impedimento,
478 2220 646 2304 quominus
664 2218 773 2282 Graeci
789 2216 939 2281 Latinive
958 2217 1120 2283 histrionis

93 2476 109 2503 ⁸
128 2467 197 2517 Valle
212 2467 328 2518 Vaticana
338 2467 452 2530 spatium]
469 2469 576 2528 Calipula
608 2468 732 2515 adranced
743 2467 783 2515 tire
801 2466 896 2515 Roman
908 2472 1119 2528 commonwealth,

62 2532 141 2598 began
162 2534 206 2581 the
224 2531 319 2590 Circus,
338 2533 386 2580 and
397 2533 463 2581 Nero
473 2534 576 2582 finished
608 2535 637 2581 he
648 2548 725 2581 seems
736 2542 760 2580 to
771 2547 808 2580 me
820 2543 845 2580 to
865 2535 924 2580 bare
942 2537 1020 2582 stated
1038 2536 1118 2587 rather

61 2597 89 2645 it.
134 2598 172 2647 Of
188 2598 209 2646 it
230 2597 302 2662 Pliny
324 2599 414 2653 writes,
435 2600 517 2655 xxxvi,
537 2604 575 2648 ll.
607 2598 730 2645 whatbad
743 2599 930 2646 thesemblance
942 2601 969 2646 ol
977 2601 1117 2656 trntb,tlum

59 2663 180 2711 ‘Tertius
194 2661 339 2725 [obeliscus]
362 2662 445 2718 Romus
461 2665 487 2711 in
505 2665 575 2713 Vati-
609 2666 673 2710 what
684 2679 734 2710 was
746 2673 810 2711 true:
829 2665 875 2710 and
893 2666 1011 2714 therefore
1029 2666 1118 2721 Isbsli

62 2742 123 2775 cano
135 2727 190 2777 esit
201 2737 226 2776 et
238 2728 342 2777 Neronis
352 2729 487 2792 principum
501 2730 574 2790 circo,
605 2740 648 2776 not
659 2728 789 2776 transcribe
800 2729 839 2777 tlte
851 2745 960 2792 passage.

61 2807 89 2840 ex
104 2793 217 2841 omuibus
236 2808 297 2841 nnus
316 2794 414 2842 omnino
433 2794 511 2842 lactus
526 2805 573 2850 ast,
638 2801 651 2836 t
678 2794 779 2858 Adfert]
807 2793 868 2841 How
893 2797 966 2850 sbort,
991 2795 1034 2844 but
1060 2799 1116 2847 horr

60 2856 197 2909 imitatione
216 2857 276 2922 ejus,
295 2873 366 2922 quem
383 2858 473 2907 iecerat
492 2860 575 2907 Sesos-
605 2856 759 2920 importante
769 2860 846 2906 lessoti
857 2859 893 2906 sor
906 2860 1012 2921 princes!

61 2921 376 2972 tridisfiliusNuncoreus.’
403 2923 464 2972 This
479 2925 574 2972 obelislr
638 2931 652 2959 ’ν
666 2925 817 2973 ductantium
828 2924 948 2987 coccinio]
960 2924 1035 2988 Nero,
1046 2929 1118 2977 when
1174 2974 1177 2982 ,

61 3001 115 3035 now
134 2989 220 3036 stands
237 2987 317 3036 before
337 2988 379 3038 tha
396 2989 485 3037 church
497 2989 524 3037 oi
537 2991 574 3037 St.
607 2993 634 3038 21
649 3003 718 3053 years
729 2990 779 3053 old,
793 2990 904 3037 ‘barbam
917 2990 1015 3052 primam
1027 2994 1117 3055 posuit,

61 3051 143 3109 Peter,
154 3052 235 3101 where
246 3053 265 3100 it
281 3068 328 3100 was
343 3053 430 3117 placed
441 3054 496 3101 aith
508 3062 576 3117 great
607 3055 775 3117 conditamque
794 3055 820 3102 in
839 3070 931 3101 auream
951 3057 1074 3119 pyxidem,
1091 3069 1118 3107 et

61 3117 575 3183 expenseandmagnilicencebySixtusV.
607 3119 784 3182 pretiosissimis
811 3119 943 3180 margaritis
968 3122 1117 3182 adornatam,

59 3181 574 3245 'l‘besoutbpartoiSt.Peter’schnrchrests
606 3183 664 3232 Jori
687 3184 823 3246 Capitolino
851 3184 1018 3248 consecrarit,'
1050 3187 1118 3237 Suet.

60 3263 92 3295 ou
104 3250 146 3296 tlte
157 3248 229 3312 triple
240 3249 311 3297 north
322 3249 375 3297 wall
386 3249 414 3296 oi
422 3248 509 3297 Nero's
520 3250 572 3297 Cir·
606 3249 667 3298 Ner.
687 3253 726 3296 ta.
744 3248 791 3295 and
811 3250 935 3297 instituted
948 3249 989 3297 tha
1000 3251 1016 3299 J
1019 3254 1116 3303 urenila

59 3302 113 3370 cis.
147 3312 195 3361 Sea
213 3312 333 3374 bonnoni,
344 3314 409 3362 Hiar.
418 3313 512 3377 Templi
524 3316 573 3364 Va-
606 3323 693 3376 sports,
710 3311 873 3370 Ἰουβενάλιαε
892 3313 1118 3379 Di0‚11i,p.oos.

57 3378 143 3439 ticeni,
162 3391 189 3440 p.
199 3381 241 3426 24.
255 3378 303 3429 and
314 3378 433 3436 Fontana,
444 3380 573 3444 Templum
605 3378 686 3426 These
704 3393 785 3441 gentes
802 3395 865 3426 were
877 3381 934 3426 used
947 3380 976 3444 by
989 3381 1024 3428 nis
1035 3393 1116 3444 poste-

61 3440 218 3497 Vsticanum,
230 3458 255 3506 p.
266 3447 306 3494 33.
606 3443 664 3507 rity,
686 3458 712 3490 as
727 3444 749 3491 is
768 3444 820 3492 said
836 3445 863 3491 ol
877 3444 1000 3492 Domitian
1013 3448 1046 3510 by
1057 3448 1117 3510 Dio,

92 3515 105 3544 ¹
123 3507 374 3572 Raude-spectaculo]
393 3507 443 3556 But
459 3508 516 3573 only
535 3509 576 3556 be-
608 3507 677 3570 lxvii,
694 3523 718 3571 p·
729 3513 787 3558 767.
799 3510 844 3555 aod
860 3525 919 3557 were
930 3510 1068 3560 celebrated
1084 3530 1116 3562 on

58 3571 111 3626 fore
123 3572 165 3620 the
178 3587 275 3635 persons
285 3573 362 3621 ofthe
373 3581 450 3621 court.
605 3574 647 3620 the
670 3577 708 3622 lst
729 3574 756 3621 oi
773 3574 882 3638 January
896 3591 901 3620 ε
930 3575 1024 3624 Sidon.=
1036 3576 1115 3626 Carm.

91 3645 106 3673 ²
124 3636 286 3686 Tribmdam
305 3639 377 3702 puto}
399 3637 450 3686 Dio
469 3637 574 3686 without
604 3637 796 3693 xxiiim-bic.
830 3639 869 3686 011
886 3639 1060 3689 thebeardsof
1074 3646 1116 3690 tho

57 3716 85 3750 so
104 3703 179 3751 much
197 3701 375 3751 consideration
394 3717 476 3750 names
498 3704 573 3759 thern,
606 3701 714 3750 Romans
736 3719 810 3767 many
832 3704 893 3750 have
915 3704 966 3750 said
984 3707 1072 3752 much:
1102 3708 1116 3755 I

59 3767 101 3822 lxi,
122 3783 146 3827 p.
163 3771 222 3824 oar,
238 3769 279 3819 tba
299 3766 374 3830 Furii,
386 3767 426 3815 the
443 3768 520 3823 Fabii,
532 3767 574 3816 the
605 3769 653 3816 will
673 3769 730 3832 only
752 3777 815 3816 state
832 3771 883 3815 that
900 3770 988 3815 Adrian
1007 3784 1057 3816 was
1074 3771 1116 3818 tha

58 3831 150 3886 Porcii,
167 3835 208 3880 tire
226 3833 328 3887 Valerii,
340 3833 382 3881 tha
397 3833 518 3892 Mummii,
531 3835 572 3882 tha
605 3832 656 3880 first
667 3845 692 3881 to
703 3834 738 3882 let
749 3835 785 3882 liis
796 3833 869 3882 heard
880 3848 941 3896 grou
952 3850 957 3879 :
970 3832 1028 3887 Dio,
1039 3834 1120 3891 lxviii,

58 3896 168 3959 Scipion
190 3898 242 3954 but,
254 3911 280 3944 as
297 3899 365 3946 tirese
381 3913 421 3946 are
437 3899 479 3945 the
490 3908 572 3946 names
604 3912 629 3964 p.
641 3903 700 3949 777.
1095 3917 1097 3920 ·

57 3963 89 4036 ol¹
100 3961 144 4016 tba
162 3969 226 4015 most
242 3963 372 4016 illustrious
389 3964 418 4013 οἱ
432 3966 499 4015 those
515 3965 570 4016 who
