2512 4372
51 197 194 278 rma]
370 211 779 262 sanantuu.us.·xrr.
1059 198 1104 261 86

51 333 217 413 mplefiapta
231 331 660 414 sibi.impuno·rttus,1tantn
675 332 820 415 potentia
835 332 981 397 subnixo.
1014 332 1103 397 Sene

52 422 250 502 prffilppprant
263 417 378 493 Jndoei
396 419 539 500 speciem
564 428 679 492 motus,
696 429 766 483 outa
781 416 990 499 seditione‚²'
1015 430 1102 504 post·

52 504 415 589 mmmm-herde
428 505 508 587 ejus,
525 505 611 579 hand
631 506 883 589 obtemperatum
908 516 1009 570 esset:
1033 528 1101 572 ma·

52 594 141 657 nebat
156 603 275 664 metas,
291 613 331 654 ne
349 591 422 675 quis
438 591 612 674 principum
624 592 737 655 eudem
753 593 958 674 imperitaret.
988 593 1102 678 Atque

52 677 556 760 interimfflelim.iutempestivis
580 679 729 742 remediis
752 679 871 742 delicta
895 682 1099 757 accendebat,

53 767 219 851 emulppd
236 764 412 829 deterrima
423 762 578 828 -Vcntidio
599 764 758 838 Cumano,
772 766 825 828 cui
841 787 914 848 pars
930 768 1100 849 provincias

53 851 254 945 babebaturs-
271 852 320 919 ita
339 849 461 925 divisis,
485 860 521 914 ut
547 850 620 914 huic
644 850 853 915 Galilaeorum
878 853 974 926 natio,
1001 852 1102 918 Felici

55 937 218 1016 Samaritae
244 947 405 1020 parerent,
428 938 589 1000 discordes
609 937 696 1010 olim,
720 949 754 1002 et
774 950 842 1002 tum
865 948 1028 1003 contemtu
1051 963 1100 1003 re-

53 1027 199 1107 gentium}
217 1025 325 1089 minus
346 1025 493 1087 coercitis
518 1024 607 1088 odiis.
654 1023 762 1109 Igitur
790 1035 918 1108 raptare
946 1026 1028 1089 inter
1054 1049 1099 1102 se,

16 1176 23 1196 ‚
54 1102 224 1187 immittere
252 1111 412 1177 latronum
444 1111 564 1192 globos,
595 1132 783 1195 componere
813 1112 954 1185 insidias,
981 1125 1015 1176 et
1043 1114 1100 1178 ali·

55 1200 176 1280 qapndo
189 1198 311 1282 preliis
334 1198 497 1281 congredi,
514 1197 677 1281 spoliaque
698 1207 732 1261 et
754 1200 878 1280 praedas
893 1199 933 1263 ad
950 1222 1100 1281 procura-

55 1287 290 1360 toresmeferre.
336 1283 451 1367 Hique
472 1284 573 1368 primo
593 1283 706 1355 laetari,
728 1305 801 1353 mox
825 1285 978 1366 gliscente
996 1289 1100 1371 perni-

55 1371 204 1448 ciosorum
230 1391 319 1435 arma
341 1371 478 1434 militam
502 1371 748 1453 interjecissent,
773 1372 849 1435 caesi
872 1373 1011 1437 milites:
1051 1398 1100 1438 ar-

57 1459 205 1542 sissetque
252 1457 355 1521 bello·
377 1458 550 1540 provincin,
583 1458 616 1521 ni
653 1456 853 1536 Quadratus,
891 1457 993 1542 Syriae
1032 1483 1100 1525 rec-

56 1540 364 1623 toramrbrenisset!
418 1542 490 1607 Nec
525 1545 582 1608 din
618 1545 771 1608 adversus
810 1545 954 1620 Judaeos,
983 1548 1040 1630 qni
1069 1550 1102 1613 in

56 1631 311 1723 uapemfmilitam
328 1639 550 1714 proruperant,
566 1631 758 1704 dubitatum,
775 1632 853 1714 quin
869 1633 974 1715 capite
990 1656 1102 1716 poenas

57 1715 192 1793 leopanto
208 1718 383 1791 -ssluruanus
397 1727 432 1779 et
447 1716 541 1781 Felix
557 1718 791 1781 cunctationem
811 1719 1009 1795 adferebant,
1026 1723 1103 1804 qnia

58 1802 216 1877 ClaudiuS,
233 1804 338 1866 causis
353 1804 532 1867 rebellionis
555 1805 684 1883 auditis,
696 1805 751 1890 jus
772 1806 933 1868 statuendi
949 1807 1045 1870 etiam
1061 1810 1102 1872 de

57 1891 307 1970 procuratoribus
327 1890 484 1955 dederat.
536 1888 602 1954 Sed
633 1889 818 1969 Quadratus
847 1891 989 1956 Felicem
1018 1894 1103 1959 inter

56 1974 172 2056 judices
186 1972 396 2051 ostentavit*
411 1987 574 2061 receptum
590 1978 621 2041 in
639 1978 788 2054 tribunal,
805 2001 870 2063 qno
886 1980 992 2045 studia
1007 2003 1102 2046 accu-

59 2065 187 2127 santium
227 2064 484 2127 deterrerentur:
523 2066 753 2148 damnatusque
791 2065 996 2149 flagitiorum,
1029 2090 1101 2148 quae

61 2148 344 2234 duprdeliqnerant,
361 2149 543 2226 Cumanus;
573 2161 606 2213 et
619 2152 710 2235 quies
725 2153 896 2234 provincia
914 2154 1050 2217 reddita.

81 2237 150 2300 1³65,
166 2237 242 2300 Nec
258 2238 358 2299 multo
374 2248 444 2320 post
459 2237 633 2321 agrestium
661 2239 795 2302 Cilicum
815 2239 967 2312 nationes,
985 2241 1103 2323 quibas

61 2321 209 2387 Clitarum
236 2333 508 2406 cognomentum,’¹
536 2346 622 2408 saepe
652 2334 685 2388 et
715 2325 792 2388 alias
822 2336 999 2400 commotae,
1027 2336 1102 2390 tuuc

60 2406 230 2474 l'msobore
257 2412 351 2488 duce,
378 2421 500 2474 montes
530 2433 657 2494 asperos
687 2412 800 2475 castris
829 2432 963 2493 cepere:
1005 2421 1104 2495 atque

62 2493 126 2558 inde
144 2498 283 2560 decursu
308 2497 340 2561 in
365 2495 472 2560 littora
487 2509 543 2561 aut
560 2499 665 2570 urbes,
683 2499 745 2561 vim
767 2496 940 2559 cultoribus
960 2509 993 2561 et
1013 2502 1103 2583 oppi-

62 2580 152 2671 danis,
168 2605 205 2647 ac
227 2583 415 2668 pleramque
435 2584 467 2647 in
488 2592 678 2649 mercatores
702 2592 736 2648 et
759 2584 986 2648 navicularios⁰
1002 2588 1103 2651 aude·

70 2778 181 2877 Ἤρκει
196 2794 327 2880 aeditimo]
361 2814 374 2861 I
396 2815 463 2861 think
483 2829 562 2863 some·
594 2815 642 2862 and
669 2817 696 2864 ot
716 2817 851 2881 jadgment,
878 2834 908 2866 on
937 2821 976 2867 the
1000 2820 1103 2870 tribunal

62 2879 220 2949 tlrjpgherpjs
237 2883 291 2938 lost,
303 2880 382 2929 either
398 2881 501 2943 through
519 2894 562 2928 ne·
594 2895 679 2943 among
692 2884 730 2929 the
738 2884 835 2947 judges,
846 2896 869 2930 to
881 2886 971 2932 sheltsr
982 2887 1031 2932 him
1044 2888 1104 2935 tmm

59 2944 217 3011 gligeneao'rg
232 2949 335 3008 through
357 2946 472 3006 scraples.
516 2945 560 2993 We
595 2945 632 2992 his
651 2962 768 2995 accusem.
802 2949 884 2996 Hence
913 2950 1034 2997 Cumanus
1055 2967 1104 3000 war

60 3013 206 3075 Μηρώ]
217 3013 261 3063 the
276 3021 330 3059 text
346 3011 369 3057 in
385 3011 433 3058 this
447 3025 561 3058 manner:
593 3011 741 3061 condemned
752 3012 788 3060 sor
796 3015 888 3069 crimes,
899 3015 979 3062 which
991 3024 1038 3062 two
1050 3032 1103 3078 per-

60 3072 467 3138 dflpaprmbuernntdndoer'mecirm
478 3081 563 3137 motas,
595 3090 651 3123 sons
662 3078 706 3123 had
718 3079 866 3133 committed,
879 3081 976 3126 himself
992 3080 1039 3127 nnd
1057 3081 1102 3130 1³0·

59 3142 450 3201 aycarditimeobcottcomris
463 3141 563 3205 rffigrsem
595 3141 638 3188 lix.
671 3141 729 3189 This
749 3142 770 3190 is
794 3155 832 3190 too
854 3143 941 3207 clearly
964 3147 1055 3193 related
1077 3155 1103 3194 to

58 3203 180 3268 moruch
199 3209 339 3265 lacendum
358 3212 488 3269 postquam,
507 3221 562 3266 cog·
595 3207 667 3253 allow
684 3223 710 3253 ns
728 3218 752 3254 to
771 3207 840 3254 think
857 3209 909 3256 that
923 3210 1044 3272 Jonephus
1060 3213 1104 3260 has

59 3270 113 3331 tite,
126 3274 190 3323 cade
210 3266 271 3332 eins,
295 3273 359 3320 houd
381 3272 563 3332 obtemperatum
595 3279 638 3317 not
656 3273 793 3320 committed
816 3277 855 3320 the
877 3271 942 3321 er'ror
961 3277 988 3323 ot
1007 3277 1103 3340 writiug

57 3343 123 3395 emet,
140 3338 249 3386 manebat
260 3343 337 3389 metae
352 3352 381 3386 oe
399 3339 452 3399 quis
465 3335 563 3385 Princi-
595 3336 738 3401 contusedly
754 3340 801 3386 aud
820 3339 925 3404 hastily:
945 3340 1031 3404 Antiq.
1045 3342 1061 3390 J
1065 3343 1105 3392 ud.

56 3403 361 3466 ppmeadema'mpcritaret.
593 3415 637 3455 xx,
648 3407 721 3452 5-7.

60 3464 267 3527 ωίιδςψνεῃίωει]
285 3467 325 3514 On
338 3468 377 3514 the
388 3465 562 3528 disagreement
590 3479 593 3488 ·
625 3473 639 3498 ¹⁸
657 3468 774 3526 Clitarum
782 3471 972 3534 cognomentum]
993 3469 1105 3520 Otthese

58 3530 286 3595 (tbtburgqrernors
302 3532 329 3579 of
344 3531 434 3587 Jndea,
452 3531 499 3578 and
520 3534 560 3579 the
593 3533 680 3594 people
699 3534 727 3580 oi
746 3534 833 3582 Cilicia
855 3537 948 3597 Aspera
967 3535 1104 3602 something

13 3608 17 3618 ¹
57 3594 167 3658 breaking
178 3607 222 3644 ont
232 3597 261 3645 ot'
275 3598 358 3645 warin
377 3597 428 3644 that
440 3595 561 3658 province,
595 3611 642 3644 was
652 3598 704 3644 said
713 3598 738 3645 in
752 3600 783 3647 A.
796 3599 828 3660 vi,
838 3603 878 3647 tl.

58 3658 427 3725 homitias,Quau1aus,suter
442 3662 470 3710 os
482 3661 562 3724 Syria,
626 3669 637 3694 ⁰
654 3664 800 3712 Mercatores
813 3671 835 3713 et
847 3665 1016 3729 hircicalnrios]
1047 3665 1104 3714 Cal-

55 3723 208 3789 imqrpomdr
234 3727 349 3776 Wersaw
365 3727 392 3777 in
410 3729 447 3774 ch.
464 3727 561 3776 anthe
594 3728 709 3783 listratus,
721 3728 817 3790 Digest.
834 3729 875 3775 lib.
886 3730 903 3785 l,
915 3730 952 3776 tit.
962 3735 986 3777 6.
1003 3734 1034 3776 de
1047 3731 1103 3791 jure

55 3789 176 3850 layeppd
188 3792 302 3854 [tancane
312 3790 394 3839 united
407 3800 431 3838 to
442 3790 517 3855 Syria.
594 3792 762 3849 immanitatis,
783 3794 829 3855 leg.
851 3801 876 3841 5.
908 3801 915 3821 ‘
926 3794 951 3840 N
953 3796 1104 3855 egotiatores,

58 3863 103 3912 hs!
122 3856 271 3917 Ostentoait]
289 3856 433 3914 Quadratus,
443 3856 468 3902 in
479 3856 564 3905 servile
596 3858 637 3922 qui
662 3874 780 3906 annonam
806 3858 879 3905 Urbis
901 3859 1025 3920 adjuvant,
1043 3857 1104 3906 item

54 3920 174 3978 adulatian
186 3926 212 3971 t'o
222 3923 316 3978 Pallas,
324 3922 411 3984 placed
423 3921 460 3968 bis
472 3923 565 3971 brother
596 3923 745 3986 navicularii,
763 3922 805 3982 qni
821 3939 922 3969 annonas
940 3921 1013 3970 Urbis
1031 3925 1105 3968 servi·

54 3985 131 4043 Felix,
142 3989 235 4052 though
247 4003 277 4035 an
293 3987 373 4051 object
388 3987 415 4035 ot
428 3986 565 4037 meconion
596 3996 650 4045 unt,
659 3988 836 4038 immunitatem
853 4003 865 4033 a
880 3986 1014 4034 muneribus
1025 3988 1105 4050 publi·
