2512 4372
55 185 219 268 enadad·
247 197 271 255 .·
364 201 738 257 arenearuauuarn
764 203 805 252 ιι.
1049 188 1115 256 898

55 322 213 391 firmam
238 321 454 387 cautissimam
472 322 883 396 'liborii-·senoctutemtne
904 331 1015 388 contra
1037 323 1114 389 cmi

54 407 202 491 quidem,
217 418 275 475 ant
293 407 432 481 Claudii,
449 408 500 471 rel
522 407 674 484 Neronia,
689 409 856 475 fundatam
871 408 968 492 longo
979 408 1113 493 imperio

56 494 202 567 domum.
224 495 449 576 exsurgimus:
482 495 607 557 cessisti
632 495 729 558 etiam
755 493 869 559 Galbae
897 495 1116 578 imagineae

54 577 311 661 'serpere-ultra,
325 587 360 643 et
378 580 579 661 polluendam
604 580 862 662 perdendamque
886 581 1113 663 rempublicam

55 663 252 748 relinquere,
268 686 362 748 sopor
376 673 410 728 et
426 665 557 750 ignaria
573 666 747 742 videretur,
762 667 858 729 etiam
882 665 909 729 si
932 666 1001 740 tibi,
1018 688 1113 750 quam

28 780 32 785 ’
56 749 237 822 inhenesta,
256 759 323 813 tam
346 759 417 812 tuta
439 751 577 815 servitus
600 759 696 814 esset.
741 751 834 816 Abiit
857 750 925 833 jam
951 761 985 815 et
1005 765 1114 829 trans*

56 845 189 903 neotum
211 844 262 901 est
282 832 431 919 tempus,'
457 857 522 919 quo
547 857 653 919 posses
677 835 779 900 videri
801 836 1006 919 concupisse:
1040 859 1114 901 cons

10 960 12 967 ·
54 920 247 1004 fugiendum
276 930 328 985 est
356 923 396 984 ad
426 921 606 1005 imperium.
667 922 720 986 An
749 922 904 986 excidit*
936 922 1114 987 trucidatas

56 1005 224 1075 ilorbnlol
259 1006 453 1090 splendidior
483 1008 615 1090 origine,
642 1029 738 1090 quam
763 1027 964 1082 noscamus,
991 1007 1113 1072 fateor:

55 1093 115 1159 sod
151 1100 187 1157 et
221 1090 323 1171 Nero,
354 1093 520 1156 nobilitate
536 1134 539 1139 -
556 1094 722 1168 natalium,
754 1092 923 1156 Vitellium
960 1094 1112 1157 anteibat.

57 1175 147 1243 Sertis
175 1177 279 1243 clarus
307 1188 358 1242 est
388 1180 473 1260 apud
504 1179 680 1252 timentem,
706 1178 851 1263 quisquis
881 1179 1033 1243 timetur:
1078 1189 1114 1243 et

54 1284 152 1348 possa
166 1264 207 1327 ab
221 1265 367 1328 exercitu
383 1263 568 1347 Principem
584 1265 664 1343 fieri,
681 1265 740 1328 sibi
756 1265 824 1346 ipse
840 1263 995 1328 Vitellius
1016 1265 1113 1328 docu-

56 1350 290 1423 mento,nnllis
309 1349 487 1433 stipendiis,
513 1350 600 1413 nulla
625 1349 757 1413 militari
782 1351 879 1427 fama,
903 1346 1016 1414 Galbae
1038 1351 1113 1415 odio

56 1442 241 1519 provectus.
287 1433 341 1499 Ne
364 1433 550 1498 Othonem*
571 1436 713 1518 quidem,
729 1434 820 1497 ducis
843 1444 921 1508 arte,
939 1445 996 1499 aut
1018 1457 1112 1500 exer.-

56 1521 144 1590 nitus
167 1520 210 1594 ri,
226 1520 283 1584 sed
307 1541 507 1604 praepropera
533 1521 631 1601 ipsius
657 1521 876 1603 desperatione
900 1521 1032 1599 victum,
1043 1523 1113 1604 jam

56 1605 301 1671 desiderabilem
317 1615 351 1668 et
367 1627 517 1688 magnum
545 1605 729 1688 Principem
754 1605 841 1668 fecit.
887 1603 972 1669 Cum
986 1607 1113 1671 interim

56 1691 365 1775 spargit.·tegi0nes,
392 1700 537 1755 exarmat
567 1691 723 1763 cobortes,
748 1709 831 1753 nova
851 1691 1001 1773 ·quotidie
1030 1692 1114 1756 bello

56 1777 181 1847 semitm
194 1777 374 1847 ministrat;
404 1777 433 1839 si
450 1778 530 1860 quid
553 1777 676 1840 ardoris
691 1798 728 1840 ac
743 1775 870 1839 ferocire
887 1775 977 1839 miles
993 1775 1112 1851 babuit,

57 1860 185 1948 popinis
209 1873 245 1925 et
270 1862 550 1926 comessationibus
572 1871 606 1925 et
631 1860 792 1944 Principis
818 1861 995 1927 inritatione
1023 1863 1113 1925 dete·

54 1947 176 2048 ptus:
197 1946 271 2011 Tibi
295 1969 315 2011 e
338 1945 360 2010 J
364 1948 456 2011 udaea
474 1958 507 2011 et
523 1947 616 2032 Syria
631 1955 664 2013 et
680 1947 825 2030 AEgypto
841 1968 956 2011 novem
972 1946 1113 2032 legiones

56 2043 206 2117 ntegra,-
222 2033 311 2097 nulla
325 2032 395 2096 acie
410 2034 590 2112 exhaustae,
606 2055 667 2097 non
682 2033 837 2097 discordia
853 2040 1033 2114 corruptae:
1055 2034 1113 2097 sed

57 2117 204 2195 firmatus
224 2141 285 2182 usn
306 2118 411 2191 miles,
425 2127 460 2183 et
488 2119 560 2182 belli
585 2119 724 2181 domitor
748 2119 874 2181 externi
887 2126 915 2196 ς’
952 2118 1112 2197 classium)

56 2204 195 2278 nlnrnm
210 2203 386 2268 cohortium
402 2205 535 2280 robora3
558 2213 592 2268 et
605 2204 746 2269 fidissimi
763 2224 855 2287 reges
865 2218 896 2278 32
918 2214 952 2265 et
968 2212 1024 2267 tua
1039 2212 1113 2268 ante

55 2310 171 2360 nntnes
184 2289 394 2372 experientia.

59 2408 77 2447 n
102 2376 158 2442 77.
183 2373 310 2439 ‘Nobis
340 2373 418 2438 nibil
445 2375 530 2438 ultra
560 2376 725 2458 arrogabo,
752 2395 846 2457 quarn
874 2395 915 2437 ne
943 2382 1016 2456 post
1045 2373 1114 2438 Va·

56 2460 243 2529 lentem-'ao
267 2459 430 2524 Caecinam
461 2481 691 2525 numeremur:
728 2469 900 2523 notamen
926 2459 1114 2524 Mucianum

58 2546 184 2615 meum
197 2544 366 2629 spreveris,
384 2545 461 2629 qnia
475 2547 624 2610 aemulum
640 2568 701 2609 non
717 2545 892 2628 experiris:
915 2565 966 2607 me
981 2544 1114 2610 Vitellio

58 2640 229 2715 antepono,
246 2640 278 2695 te
301 2631 391 2694 mibi.
436 2630 517 2695 Tuae
541 2631 649 2696 domui
675 2630 867 2714 triumphale
895 2641 1035 2710 ιιοιιιθιι,9
1049 2631 1113 2699 (luo

58 2893 107 2941 .-.-’.Ι.
117 2892 208 2951 ,Οιὶω
218 2894 306 2958 imag-J
327 2893 373 2944 For
383 2895 425 2944 the
437 2894 537 2960 nobility
547 2894 574 2943 of
603 2893 645 2942 the
657 2895 753 2942 murder
763 2893 791 2940 of
799 2891 905 2942 Corbulo
916 2893 949 2956 by
960 2891 1045 2941 Nero?

58 2958 276 3021 annumerat,
290 2964 329 3008 lb.
637 2965 650 2991 ¹
668 2959 709 3006 Ne
728 2958 856 3021 Othonem]
884 2958 997 3005 Vitellios
1018 2956 1117 3006 bimsell

58 3012 101 3075 al
118 3022 346 3086 strmraerttemp]
358 3023 409 3070 The
420 3022 478 3072 time
488 3022 509 3069 ir
519 3038 572 3069 now
604 3022 626 3069 ir
643 3036 657 3070 a
675 3023 744 3083 procl
762 3021 815 3068 that
832 3035 861 3067 ιιι
882 3036 993 3082 emperor
1008 3036 1065 3085 may
1082 3021 1113 3070 br

58 3088 210 3153 putabor
225 3102 275 3150 you
292 3089 368 3150 might
384 3103 449 3135 seem
466 3095 492 3135 to
511 3089 571 3133 trave
603 3088 674 3133 made
693 3085 726 3150 by
743 3088 783 3133 the
805 3100 879 3147 amp,
896 3086 1019 3133 iuueruncb
1037 3098 1065 3135 ιι
1083 3087 1114 3135 lte

58 3151 157 3202 nomeu
167 3166 182 3198 a
191 3151 271 3199 better
286 3150 476 3200 adrninistration
493 3152 540 3198 aad
556 3164 573 3198 a
605 3165 653 3198 was
664 3149 741 3197 raised
752 3162 777 3198 to
789 3150 830 3197 tbe
842 3150 927 3197 throne
944 3156 987 3196 not
1005 3151 1035 3214 by
1047 3149 1118 3197 rann·

58 3216 139 3265 betur
155 3213 330 3265 cdmiuimrator
343 3217 371 3263 ot
387 3214 570 3276 rbekingdom=
603 3221 657 3278 tary
679 3215 770 3263 corrice
791 3229 818 3261 or
838 3214 943 3277 military
967 3228 994 3261 re
1012 3216 1114 3270 oration.

59 3281 102 3329 tha
112 3279 240 3343 adremign
252 3294 334 3343 power
343 3280 365 3328 ia
375 3294 428 3328 now
439 3294 501 3344 your
511 3279 570 3341 only
602 3278 648 3325 bnt
669 3281 698 3340 by
722 3281 762 3325 tlte
786 3277 955 3341 unpoputarity
1018 3278 1112 3327 Galba:

57 3343 386 3408 refuge.yonronlyralcty.
418 3343 571 3392 Aoillnstra·
604 3341 717 3390 Vitellius
736 3342 808 3404 being
829 3341 925 3389 birnsell
940 3357 968 3389 so
986 3343 1115 3407 infamem,
1140 3382 1142 3389 .

57 3408 118 3470 thu
133 3407 226 3456 attan
246 3422 324 3454 wenis
347 3417 372 3456 to
393 3406 424 3456 bo
445 3407 521 3456 lonnd
546 3404 571 3453 in
603 3410 655 3453 that
677 3405 708 3458 be
732 3407 774 3453 bas
794 3407 864 3452 mode
879 3407 965 3462 'Otbo‚
987 3408 1040 3454 wbo
1065 3420 1114 3454 aar

57 3471 193 3532 tuentur,
208 3471 278 3520 aen.
300 3470 359 3520 Jnd.
379 3472 414 3534 ir,
437 3476 477 3533 to,
501 3486 526 3518 ιι.
545 3474 571 3518 t.
603 3472 718 3529 worsted,
729 3478 770 3517 not
782 3470 814 3532 by
828 3471 867 3517 the
877 3472 967 3519 taleuts
977 3472 1027 3518 ota
1038 3483 1114 3533 geues

49 3537 103 3596 ni·
114 3533 142 3584 dl
156 3535 355 3599 dodemanni)
371 3535 469 3598 φροντὶς
484 3533 528 3594 μὲν
542 3532 572 3592 ἦν
603 3536 638 3581 ιιΙ
649 3548 675 3579 οι
686 3537 725 3581 tlte
737 3534 802 3581 valor
813 3534 840 3583 of
849 3548 880 3581 au
892 3550 966 3599 army,
976 3527 1020 3582 b'nt
1032 3535 1063 3596 by
1074 3533 1113 3581 bis

56 3598 209 3660 emuna
227 3603 276 3648 ritu
296 3599 367 3655 daur,
393 3601 444 3648 ol'rrt
467 3615 498 3660 γε
524 3597 571 3659 μὴν
603 3595 1115 3661 ownridiculonsprecipitatiomauobjoei

57 3663 226 3726 nbrbssspxw
234 3661 478 3728 *prptmnroirplv
493 3661 571 3728 ἔργοις
603 3661 903 3724 olregretandolpraise.
937 3673 940 3681 ’
1076 3670 1105 3695 --“

58 3727 146 3780 uult
162 3727 228 3789 titur
241 3727 381 3788 tntum,
397 3727 525 3791 προκρίνων
545 3725 571 3776 δὲ
635 3727 780 3790 ‘Externil
793 3726 1015 3776 Thetonion-war.
1092 3778 1098 3793 η

56 3795 108 3842 τῶν
130 3793 156 3840 lv
174 3792 323 3853 λαμπρότητι
348 3791 461 3850 κινδύνοιν
480 3791 526 3850 τὴν
544 3793 571 3841 ὲν
633 3791 793 3839 catenant
808 3790 888 3852 reges]
908 3788 1027 3852 Agrippa,
1038 3787 1118 3836 Scire-1

53 3856 161 3909 ibtclrats
170 3856 312 3918 ἀσφάλειαν.
602 3869 666 3916 runs,
676 3853 826 3902 Antiochus:
844 3854 936 3901 obst.
1047 3879 1050 3886 ·
1095 3862 1098 3867 '

91 3929 111 3955 '¹
129 3923 168 3972 An
182 3921 283 3985 excidit]
300 3920 370 3973 Have
386 3935 434 3986 yon
452 3920 570 3985 torgotteu
635 3917 901 3983 instrepentem]
928 3915 1070 3978 Vespasiae,
1088 3928 1115 3962 ra
