2512 4372
62 205 128 288 ³:⁰¹
145 191 216 276 69.]
375 209 645 260 nrsroruaauu
669 212 743 261 nra.
767 214 793 261 1.
1053 198 1119 264 261

19 396 20 400 ,
105 328 161 391 67.
185 329 266 392 Plus
292 330 420 415 praedae'
436 351 473 392 ac
497 330 660 414 sanguinis
687 329 816 395 Caecina
832 330 950 396 hausit.
999 332 1120 398 Inrita·

63 425 178 480 verant
200 417 364 480 turbidum
388 416 551 498 ingenium
574 415 732 491 Helvetii,
759 416 886 481 Gallica
910 435 1021 504 gens‚¹’
1043 421 1119 484 olim

62 500 160 563 armis
197 503 350 586 virisque,
381 524 455 564 mox
491 503 643 568 memoria
670 503 804 568 nominis
833 505 928 580 clara,
960 506 1001 569 de
1030 509 1120 571 crede

63 585 178 652 Galbae
206 589 320 672 ignari,
347 598 381 652 et
406 587 531 653 Vitellii
556 588 725 672 imperium
750 591 936 655 abnuentes.
983 591 1119 658 Initium

63 673 146 737 hello
177 675 240 738 fuit
269 675 403 739 avaritia
432 697 468 739 ac
492 675 655 741 festinatio
679 677 935 741 unaetvicesimae
964 677 1118 763 legionis:

62 772 237 844 rapuerant
260 762 439 845 pecuniam,
457 761 584 825 missam
606 764 639 825 in
665 762 858 846 stipendium
880 764 1013 842 castelli,
1029 769 1118 849 quod

62 846 138 911 olim
155 846 303 912 Helvetii
318 850 384 912 suis
400 847 553 912 militibus
569 871 606 911 ac
626 849 793 932 stipendiis
809 851 999 914 tuebantur:
1032 874 1119 936 aegre

63 933 96 997 id
121 935 208 1016 passi
232 934 392 1009 Helvetii,
409 935 592 1018 interceptis
617 935 770 1019 epistolis,
787 957 860 1020 qum
884 937 1009 1000 nomine
1035 936 1118 1002 Ger-

61 1021 180 1084 manici
195 1023 357 1085 exercitus
378 1022 418 1084 ad
444 1022 644 1085 Pannonicas
668 1022 810 1106 legiones
834 1023 1028 1096 ferebantur,
1045 1046 1117 1088 cen-

62 1106 221 1170 turionem
258 1117 292 1171 et
327 1109 481 1191 quosdam
517 1108 656 1172 militum
685 1109 720 1172 in
749 1110 896 1174 custodia
923 1110 1124 1176 retinebant..

63 1191 207 1268 Caecina,
233 1193 307 1258 belli
330 1195 455 1273 avidus,
478 1195 657 1277 proximam
679 1205 840 1280 quamque
866 1197 1006 1280 culpam,
1028 1206 1117 1262 ante-

62 1302 160 1363 quam
183 1280 368 1364 poeniteret,
385 1282 488 1345 ultum
503 1281 581 1345 ibat.
628 1281 720 1346 Mota
743 1304 877 1367 propere
900 1292 1022 1347 castra:
1047 1307 1119 1348 vas·

63 1367 123 1430 tati
147 1368 235 1450 agri:
270 1369 414 1452 direptus
441 1368 536 1451 lo'nga
559 1389 637 1452 pace
662 1369 695 1431 in
718 1370 847 1433 modum
871 1370 1034 1454 municipii
1059 1393 1119 1436 ex-

61 1461 205 1517 structus
221 1454 320 1528 locus,
337 1476 464 1518 amoeno
480 1455 656 1533 salubrium
671 1453 849 1538 aquarum?
870 1479 931 1520 usu
949 1457 1117 1540 frequens:
1161 1491 1164 1504 =

62 1538 152 1602 missi
167 1542 208 1604 ad
224 1539 372 1605 Rhaetica
392 1540 514 1604 auxilia
537 1541 654 1612 nuntii.
681 1550 719 1604 ut
745 1563 851 1606 versos
878 1543 910 1607 in
937 1543 1118 1627 legionem*

63 1624 236 1690 Helvetios
252 1650 272 1691 a
286 1637 377 1712 tergo
393 1627 656 1709 adgrederentur.
933 1691 936 1697 Δ

89 1710 159 1777 68.
182 1711 246 1788 Illi,
279 1724 354 1777 ante
385 1711 553 1778 discrimen
585 1714 718 1786 ferocea
749 1713 782 1777 in
821 1712 961 1795 periculo
998 1717 1116 1800 pavidi,

61 1821 259 1883 quamquam
295 1801 397 1884 primo
435 1800 577 1864 tumultu
613 1799 786 1865 Claudium
817 1797 973 1864 Severum
1002 1803 1118 1868 ducent

60 1885 221 1970 legerant,
246 1909 311 1950 non
339 1909 427 1951 arma
456 1908 599 1965 noscere,
624 1908 687 1950 non
715 1886 842 1950 ordines
866 1888 968 1968 sequi,
995 1910 1058 1952 non
1085 1890 1118 1954 iu

60 1994 162 2036 unum
178 1973 364 2037 consulere:
396 1973 568 2037 exitiosum
592 1973 745 2037 adversus
770 1982 937 2060 veteranos
959 1975 1116 2058 praelium,

61 2060 169 2123 intuta
192 2059 325 2137 obsidio,
341 2059 471 2144 dilapsis
497 2068 657 2123 vetustate
681 2059 858 2123 moenibus:
889 2058 963 2122 hinc
988 2060 1119 2126 Caecina

61 2167 137 2209 cum
161 2146 268 2209 valido
296 2148 461 2220 exercitu3
487 2144 562 2209 inde
585 2145 744 2210 Rhaeticae
768 2145 828 2209 alae
851 2145 1062 2231 cohortesque
1084 2159 1119 2212 et

59 2231 204 2314 ipsorum
221 2232 410 2297 Rhaetorum
426 2235 592 2318 juventus,
606 2241 700 2296 sueta
714 2233 811 2296 armis
836 2241 869 2295 et
884 2253 972 2296 more
994 2234 1118 2298 militiae

60 2320 223 2383 exercita:
264 2320 406 2403 undique
437 2319 601 2403 populatio
627 2329 661 2383 et
684 2319 809 2382 caedes:
841 2318 904 2400 ipsi
929 2319 962 2381 in
994 2321 1137 2384 medio'.

61 2406 147 2489 vagi,
169 2406 300 2489 abjectis
327 2407 432 2485 armis,
458 2427 574 2488 magna
600 2428 672 2489 pars
696 2405 797 2468 saucii
820 2414 877 2469 aut
902 2405 1059 2487 palantes,
1084 2407 1118 2471 in

60 2500 201 2555 montem
229 2490 422 2557 Vocetium‘
452 2492 646 2576 perfugere:
692 2491 873 2570 aestatim,
902 2491 1042 2560 immissa
1066 2515 1117 2557 co·
1162 2506 1163 2513 ’

61 2577 154 2641 horte
190 2578 363 2653 Thracum,
402 2579 539 2662 depulsi,
571 2589 615 2659 et,
653 2578 909 2642 consectantibus
947 2577 1118 2644 Germanis

61 2664 264 2749 Rhaetisque',
289 2688 346 2748 per
368 2664 474 2750 sylvas
499 2674 597 2748 atque
626 2663 660 2728 in
688 2664 764 2749 ipsis
795 2664 924 2728 latebris
955 2666 1116 2730 trucidati.

60 2750 171 2814 Multa
194 2752 358 2815 hominum
380 2752 479 2815 millia
505 2753 598 2832 cesa,
616 2751 717 2815 multa
740 2751 799 2814 suh
826 2764 964 2815 corona'‘
986 2774 1116 2816 venum-

60 2838 160 2901 data:
222 2860 370 2922 cumque,
404 2838 518 2902 dirutis
555 2838 710 2912 omnibus,
746 2835 977 2916 Aventicum‚¹'
1011 2840 1117 2922 gentis

59 2933 170 3009 caput,
191 2924 283 3008 justo
312 2924 438 3010 agmine
468 2933 642 3008 peteretur,
668 2925 755 2988 missi
779 2924 835 3007 qui
861 2924 1016 2988 dederent
1039 2925 1116 2989 civi-

88 3094 103 3126 t
120 3085 236 3140 Heluetii,
256 3085 351 3134 Gallica
365 3074 436 3147 geris]
459 3082 522 3132 Cas.
541 3083 572 3132 Β.
603 3084 677 3132 Helv.
690 3082 776 3146 Antiq.
786 3089 811 3131 at
821 3081 900 3138 Nova,
910 3097 935 3144 p·
945 3087 1004 3132 283.

58 3149 91 3199 G.
103 3150 122 3213 i,
135 3154 158 3198 1.
180 3152 301 3213 ‘reliquos
312 3150 397 3198 Gallos
407 3150 496 3197 virtute
512 3165 572 3212 prae·
635 3157 646 3182 s
667 3149 735 3198 Vera.
745 3150 773 3196 in
784 3149 844 3211 leg]
863 3148 898 3195 To
913 3149 994 3196 attack
1005 3149 1046 3197 the
1058 3149 1117 3197 Hal-

59 3215 158 3270 cedunt,
169 3215 232 3279 quod
249 3215 299 3263 fere
319 3214 464 3278 quotidianis
484 3213 573 3277 praeliis
603 3214 662 3261 vetii
681 3213 707 3261 in
729 3213 771 3260 the
793 3229 855 3266 rear,
877 3212 933 3260 who
959 3211 1009 3260 had
1030 3216 1118 3263 turned

57 3293 123 3327 cnm'
135 3280 261 3328 Germanis
281 3280 439 3340 centendunt,
458 3295 513 3327 cum
530 3286 573 3326 aut
603 3278 669 3326 their
688 3293 751 3325 arms
771 3278 866 3340 against
886 3277 927 3324 the
946 3282 1003 3327 hist
1028 3280 1118 3342 legion,

58 3345 107 3392 suis
118 3345 205 3392 tinibus
219 3360 261 3392 eos
277 3346 410 3408 prohibent,
421 3357 463 3392 auc
478 3344 526 3408 ipsi
545 3344 572 3391 in
603 3343 662 3391 with
681 3358 696 3390 a
713 3344 773 3390 view
792 3343 820 3390 of
836 3342 1019 3407 sevengingcan
1038 3345 1118 3411 iujury

57 3425 139 3457 eorum
162 3410 248 3458 finibus
268 3410 358 3458 bellum
380 3408 484 3472 gerunt!
520 3408 572 3456 Tha
604 3408 752 3456 donethem.

57 3474 167 3522 Helvetii
182 3475 304 3522 extended
316 3477 385 3524 much
404 3474 492 3522 further
510 3473 570 3522 than
633 3481 643 3506 ¹
660 3474 692 3521 In
713 3471 786 3534 med]
822 3471 936 3520 Between
959 3471 1115 3521 theRoman

57 3539 98 3587 the
110 3539 208 3587 modern
220 3540 336 3595 Helvetii,
348 3556 374 3588 or
384 3539 464 3589 Swiss.
588 3547 666 3600 tarmy
678 3538 725 3584 and
737 3538 778 3584 the
791 3534 887 3585 Rhaetic
900 3537 1043 3584 auxiliaries.

88 3613 100 3646 ⁹
117 3605 215 3654 Suluhr.
236 3605 287 3668 aq]
316 3605 400 3654 Hence
420 3607 472 3652 that
490 3601 569 3650 muni·
635 3604 643 3635 ἱ
660 3602 738 3651 Mout.
754 3602 795 3665 V.]
813 3602 874 3650 Now
892 3604 933 3650 the
951 3604 1076 3650 mountain
1093 3603 1123 3661 os

56 3669 463 3733 cipiumwascallequuae,now
474 3670 570 3730 Badeo,
602 3667 748 3728 Boetzberg.
781 3666 1132 3729 Itispartofltlountluru.⁴

53 3734 80 3781 in
91 3734 257 3782 Switzerland.
292 3734 384 3798 Among
394 3737 462 3783 other
473 3733 571 3781 ancient
634 3739 649 3763 ¹⁴
665 3732 716 3780 Sat
726 3733 823 3796 corono]
841 3733 886 3779 See
897 3747 927 3779 on
939 3731 970 3779 A.
980 3731 1032 3785 xiii,
1045 3734 1088 3778 39.

55 3799 136 3855 relies,
154 3800 224 3847 there
243 3801 265 3846 is
282 3801 420 3848 mentioned
440 3799 466 3845 in
483 3813 514 3845 an
531 3798 568 3844 in·
632 3796 816 3860 carenacum]
833 3796 896 3843 Itis
914 3795 992 3843 called
1010 3796 1034 3842 in
1054 3795 1117 3843 Ger-

52 3864 168 3926 scription
181 3865 253 3912 found
263 3865 341 3927 there,
350 3865 398 3913 and
406 3863 533 3912 dedicated
542 3871 568 3910 to
599 3876 654 3909 man
680 3862 835 3925 Wiflisparg‚
858 3862 900 3907 but
920 3859 946 3918 in
964 3858 1057 3906 French
1080 3861 1116 3909 A.

55 3929 196 3980 Antoninus
207 3929 338 3986 Caracalla.
351 3947 421 3978 naar.
438 3945 500 3980 nov.
520 3928 536 3973 i.
544 3944 567 3975 e.
599 3929 706 3983 reaches,
715 3929 777 3974 after
785 3929 824 3972 the
834 3926 874 3971 old
884 3938 962 3970 name.
974 3923 1116 3986 Thespien-

53 3990 205 4058 ‘respnblica
231 3995 369 4058 Aquensis!
412 3995 457 4043 See
486 3993 567 4042 Plaut.
599 3988 1115 4056 doroithecity,whichwasformerlytlte
