2512 4372
54 189 126 272 ao.
143 208 216 291 oo]
381 226 587 276 annnorum
615 229 686 275 uin.
713 228 796 277 xvi.
1054 214 1151 281 209„-

101 345 157 409 23.
182 345 229 409 At
256 344 392 410 Baream
419 345 574 411 Soranum
596 348 665 431 jam
695 349 755 412 sibi
786 347 935 412 Ostorius
965 346 1113 429 Sabinus,

55 452 162 515 eques
186 431 359 505 Romanus,
385 442 572 516 poposcerat
596 455 696 508 reum,
718 457 760 497 ex
775 435 998 517 proconsulatu
1015 435 1113 512 Asiae,

56 519 91 580 in
116 539 181 601 qua
200 520 387 582 offensiones
403 519 560 604 Principis
583 521 674 584 auxit
691 521 818 606 justitia
833 530 930 604 atque
945 521 1112 600 industries,

58 612 94 666 et
120 606 196 688 quia
218 605 324 687 portui
348 605 559 689 Ephesiorum
583 607 753 690 aperiendo
776 628 885 671 curam
900 607 1111 684 insumserat;

58 691 191 774 vimque
200 690 337 754 civitatis
347 692 566 776 Pergamenae,
578 692 771 776 prohibentis
782 692 963 768 Acratum‚'⁸
975 692 1120 761 Caesaria-

60 777 224 852 libertum,
249 786 370 842 statuas
393 788 426 842 et
449 780 589 863 picturas
614 779 759 853 avehere,
790 779 924 843 inultam
955 781 1111 845 omiserat.

61 863 129 926 Sed
156 864 278 928 crimini
304 865 437 928 dabatur
470 865 635 929 ‘amicitia
662 865 795 940 Plauti,⁰
824 874 858 928 ct
883 865 1012 929 ambitio
1038 889 1114 930 cou-

60 950 209 1015 ciliandae
234 951 405 1034 provinciae
433 951 474 1015 ad
500 974 571 1036 spes
593 953 712 1016 novas.'
756 951 896 1035 Tempus
919 954 1113 1017 damnationi

61 1037 234 1112 delectum,
259 1059 322 1120 quo
347 1036 526 1102 Tiridates?
549 1040 731 1123 accipiendo
755 1037 915 1102 Armeniae
939 1060 1037 1123 regno
1057 1040 1112 1103 ad-

61 1125 233 1187 ventabat:
271 1133 308 1187 ut
336 1124 376 1186 ad
404 1132 538 1188 externa
573 1126 750 1189 rumoribus
786 1125 972 1189 intestinum
1009 1126 1113 1190 scelus

60 1211 384 1285 obscuraretur;,an,
416 1221 454 1275 ut
479 1212 729 1295 magnitudinem
757 1209 1001 1295 imperatoriam
1024 1213 1112 1277 caede
1159 1224 1161 1229 “

60 1295 235 1379 insignium
252 1297 402 1370 virorum,
418 1298 510 1382 quasi
524 1299 613 1382 regio
627 1299 778 1371 facinore,
793 1306 977 1363 ostentaret.
1091 1360 1094 1365 .

105 1381 161 1446 24.
177 1383 292 1467 'Igitur
322 1385 407 1447 omni
436 1385 566 1448 civitate
594 1384 635 1447 ad
664 1385 887 1468 excipiendum
917 1383 1115 1467 Principem¹

62 1470 336 1553 spectandumque
357 1491 464 1553 regem
480 1472 591 1544 effusa,
607 1470 760 1544 Thrasea,
775 1492 910 1534 occursu
925 1471 1112 1555 prohibitus,

24 1610 26 1614 ⁴
62 1576 127 1618 non
150 1555 277 1619 demisit
300 1557 461 1629 animum:
493 1558 549 1622 sed
564 1557 723 1620 codicillos
738 1557 778 1620 ad
802 1555 967 1620 Neronem
987 1579 1113 1641 compo·

63 1641 139 1716 suit,
172 1643 336 1725 requirens
367 1644 526 1727 ‘objecta
556 1652 589 1706 et
618 1644 889 1727 expurgaturum'
913 1644 1112 1724 adseverans,

64 1737 72 1763 ⁸
89 1729 118 1792 si
133 1730 276 1792 notitiam
292 1727 458 1796 criminum
473 1739 507 1793 et
521 1729 643 1813 copiam
659 1730 802 1793 diluendi
822 1729 1005 1794 habuisset.’
1049 1730 1114 1795 Eos

61 1814 225 1878 codicillos
249 1814 338 1878 Nero
358 1825 562 1899 properanter
577 1816 709 1898 accepit,
726 1837 792 1900 spe,
809 1817 998 1880 exterritum
1012 1814 1113 1880 Thra-

63 1922 149 1965 seam
175 1901 346 1985 scripsisse,
362 1924 419 1986 per
434 1925 507 1986 quae
522 1902 741 1966 claritudinem
758 1903 917 1985 Principis
931 1902 1120 1979 extolleret,

62 2008 218 2071 suamque
239 1989 356 2052 famam
372 1989 606 2053 dehonestaret.
653 1988 747 2069 Quod
764 1989 819 2052 ubi
833 2011 895 2053 non
911 1990 1028 2062 evenit,
1044 1990 1113 2053 vul-

63 2083 200 2158 tumque
225 2082 258 2137 et
284 2075 412 2158 spiritus
435 2085 469 2138 et
493 2075 669 2139 libertatem
692 2076 824 2139 insontis
847 2075 932 2139 ultro
953 2076 1115 2152 extimuit,

64 2168 73 2193 ‘
90 2161 199 2224 vocari
223 2163 348 2244 patres'
366 2162 470 2245 jubet.
515 2162 597 2225 Tum
613 2162 754 2226 Thrasea
769 2163 852 2226 inter
866 2162 1025 2245 proximos
1040 2185 1116 2225 con·

63 2243 208 2322 subavit,
232 2257 241 2282 ‘
256 2256 440 2333 tentaretne
450 2247 677 2329 defensionem,
693 2272 732 2313 an
750 2247 933 2333 sperneret!
978 2247 1117 2314 Diversa

63 2332 196 2397 consilia
209 2334 442 2398 adferebantur.

106 2420 162 2484 25.
186 2418 311 2499 Quibus
335 2422 447 2485 intrari
470 2422 589 2485 curiam
614 2421 770 2505 placebat,
796 2429 949 2484 ‘securos
978 2440 1047 2484 esse
1075 2421 1116 2484 de

63 2508 246 2571 constantia
255 2507 347 2590 ejus,’
362 2508 531 2582 dixerunt3
549 2507 646 2571 ‘nihil
657 2508 829 2582 dicturum,
839 2507 901 2570 nisi
910 2529 973 2590 quo
983 2506 1117 2590 gloriam

64 2600 212 2678 augeret.
257 2592 380 2678 Segnes
406 2604 439 2658 et
464 2595 594 2678 pavidos
617 2596 772 2676 supremis
794 2593 859 2657 suis
882 2602 1040 2658 secretum
1055 2594 1117 2657 cir·

64 2680 227 2743 cumdare.
269 2679 441 2764 Aspioeret
467 2681 602 2765 populus
625 2681 738 2755 virum,
764 2682 857 2743 morti
879 2681 1028 2758 obvium;
1059 2702 1118 2743 au-

65 2766 150 2830 diret
172 2776 301 2831 senatus
323 2788 429 2841 voces,
453 2768 545 2850 quasi
566 2789 608 2830 ex
630 2768 737 2850 aliquo
763 2768 902 2845 numine,
934 2787 1029 2849 supra
1058 2765 1117 2830 hu·

64 2873 195 2917 manas:
228 2875 318 2936 posse
345 2853 412 2936 ipso
435 2852 586 2917 miraculo
609 2855 705 2917 etiam
732 2852 895 2916 Neronem
920 2854 1116 2937 permoveri:

10 3013 15 3018 ,
65 2939 115 3003 sin
147 2940 331 3004 crudelitati
358 2939 718 3022 insisteret,·distingui
746 2949 833 3003 certe
862 2940 946 3021 apud
976 2948 1118 3023 posteros

65 3027 251 3090 memoriam
273 3026 398 3099 honesti
420 3027 527 3090 exitus
543 3025 583 3089 ab
596 3027 724 3110 ignavia
738 3048 794 3110 per
809 3026 967 3089 silentium
982 3047 1120 3109 pereun-

39 3112 41 3117 ’
66 3111 171 3176 tium!
1114 3137 1117 3142 ·

109 3197 164 3263 26.
189 3197 319 3273 Contra,
344 3199 400 3282 qui
423 3199 650 3282 opperiendum
676 3197 762 3261 domi
783 3198 964 3274 censebant,
988 3198 1028 3262 dc
1050 3200 1119 3283 ipso

65 3283 209 3349 Thrasea
231 3286 341 3348 eadem
356 3299 386 3348 τ’
417 3294 424 3320 ‘
442 3286 498 3348 sed
514 3285 649 3349 ludibria
663 3295 696 3346 et
711 3285 917 3348 contumelias
932 3287 1097 3350 imminere
1111 3311 1119 3350 r

66 3371 271 3436 subtraheret
285 3393 377 3435 aures
392 3372 540 3435 conviciis
555 3383 589 3436 et
603 3371 735 3456 probris.
782 3370 858 3435 Non
882 3373 982 3436 solum
1001 3372 1119 3437 Cossu-

66 3605 145 3656 rraara‘ia
160 3602 297 3669 κεκριμένον
316 3601 355 3652 καὶ
376 3602 465 3652 domas·
497 3603 578 3658 Ἔβου-
641 3610 656 3645 1²
675 3601 807 3664 Tiridates]
825 3603 872 3651 We
889 3605 950 3652 have
966 3606 1037 3652 heard
1050 3605 1120 3663 much

66 3667 144 3730 λύμην
160 3669 199 3731 br,
217 3670 272 3732 ἔφη.
291 3668 397 3728 Θρασέαν
407 3668 479 3717 οὕτως
490 3666 530 3728 ἐμὲ
542 3675 579 3729 pr·
612 3666 639 3714 ol
654 3667 705 3714 him
724 3668 812 3725 before,
829 3669 876 3716 and
886 3670 1040 3733 particularly
1050 3669 1076 3715 in
1086 3669 1121 3718 A.

67 3735 171 3791 astrata
181 3732 296 3792 δικαστὴς
306 3731 399 3796 ἄριστός
410 3735 484 3784 ἐστιν.
612 3747 653 3785 xv,
663 3737 703 3781 28.

99 3807 113 3832 ⁸
129 3800 246 3851 Acratum
279 3802 311 3846 A.
321 3813 362 3861 xv,
373 3805 415 3848 45.
643 3798 842 3862 laxamina]
861 3797 901 3845 On
917 3798 955 3846 his
970 3796 1120 3845 returntronr

98 3875 110 3899 '
127 3865 223 3932 Plauti]
279 3863 379 3913 ubellius
400 3864 519 3914 Plautus:
547 3861 580 3911 A.
612 3861 759 3925 Campania:
782 3862 821 3912 ch.
834 3867 875 3910 lo.
1019 3914 1022 3919 ,

68 3929 222 3995 natata.
286 3976 288 3981 ,
353 3938 380 3981 .’
606 3978 608 3981 ,
643 3927 773 3991 ‘Eadem
791 3926 956 3976 scdicebant.
