2512 4372
53 200 209 283 1069]
361 216 632 269 u1sroa1nuuu
656 219 731 267 ara.
752 219 796 268 11.
1041 192 1110 267 ’991

51 336 206 401 cohortes
232 337 507 404 circumfudisset?
533 338 698 422 -Jamque
728 340 803 403 totis
833 338 944 403 castris
973 339 1110 402 modesti

48 445 230 500 sermones,
258 436 303 501 et,
332 426 545 489 inserentibus
571 448 606 489 se
632 425 871 503 centurionibus
896 426 1107 509 tribunisque,

57 509 190 574 laudare
219 513 471 596 ‘providentiam
495 513 598 590 ducis,
627 513 712 595 quod
740 510 917 587 coloniam,¹
938 512 1057 575 virium·
1074 521 1110 576 et

47 616 155 678 ‚opum
170 597 319 672 validam,
336 601 432 663 robur
454 621 490 663 ac
512 599 622 662 sedem
646 598 728 662 ballo
750 599 901 680 legisset!
925 594 1022 682 'Ipse
1035 620 1109 682 pas-

58 693 162 746 tremo
188 686 361 769 Spurinna,
384 708 444 749 non
472 695 536 748 tarn
560 685 684 768 culpam
712 687 921 768 exprobrans,
935 702 1108 767 quam-ra*

56 770 146 832 tione
159 773 342 851 ostendens,
358 772 475 836 relictis
490 771 756 855 exploratoribus,
772 781 895 835 ceteros
914 769 1111 837 Placentiam

54 856 202 936 reduxit,
218 858 323 921 minus
349 860 502 937 turbidos,
519 869 553 922 et
577 859 712 940 imperia
733 859 935 942 accipientes.
975 858 1112 922 Solidati

56 943 153 1016 mari,
169 946 408 1028 propugnacula
431 947 552 1024 addita,
568 954 673 1008 auctae
697 943 822 1018 turres,¹
839 945 962 1028 provisa
984 955 1112 1028 parata·

55 1050 124 1111 que
152 1051 213 1093 non
243 1053 331 1095 arma
358 1033 463 1106 modo,
487 1033 542 1095 sed
570 1030 755 1115 obsequium
783 1039 817 1094 et
842 1031 976 1113 parendi
1002 1047 1111 1107 amore

56 1115 146 1197 qnod
162 1118 264 1180 solum
279 1119 342 1182 illis
361 1121 534 1202 partibas*
554 1117 670 1199 defuit,
687 1139 760 1181 cum
780 1117 908 1181 virtutis
932 1117 1016 1180 haud
1040 1139 1112 1202 poe·

57 1201 208 1267 niteret.'⁸
387 1251 389 1255 .
988 1244 991 1251 ·
1039 1222 1106 1259 ι’·

47 1346 50 1350 ,
101 1289 157 1355 20.
178 1286 227 1354 At
253 1288 395 1371 Caecina,
421 1291 510 1354 velut
535 1291 648 1354 relicta
673 1298 745 1374 post
771 1288 892 1372 Alpes·
924 1290 1049 1354 saevitia
1072 1291 1112 1355 aa
1204 1369 1207 1375 ,

56 1374 200 1453 licentia,
226 1377 368 1441 modesto
391 1379 517 1461 agmine
539 1398 597 1460 per
621 1377 748 1440 Italiam
768 1376 909 1441 incessit.
955 1375 1114 1442 Ornatam

51 1461 161 1543 ipsius
183 1464 356 1548 municipia
378 1475 411 1529 et
426 1464 556 1527 coloniae
571 1465 603 1527 in
618 1465 798 1546 snperbiam
814 1464 1003 1538 trahebant3
1026 1467 1113 1548 quod

43 1549 249 1622 ,versicolore
274 1551 412 1632 sagulo?
434 1551 589 1627 braccas!
609 1558 739 1632 tegmen
766 1551 944 1624 barbarum,
969 1552 1112 1633 indutus,

56 1643 186 1716 togatos
214 1638 457 1720 adloqueretur:
480 1657 613 1700 uxorem
642 1656 771 1720 quoqne
803 1635 883 1718 ejus,
919 1635 1112 1710 Saloninam,

55 1742 254 1806 quamquam
278 1724 311 1786 in
341 1723 458 1786 nullius
487 1722 638 1807 injuriam
659 1721 799 1806 :insignis
828 1742 912 1804 equo
940 1731 1117 1806 ostroque‘

59 1807 243 1884 veheretur,
266 1818 429 1893 tamquam
454 1809 522 1872 laesi
548 1810 779 1891 gravabantur:
812 1807 906 1871 insita
928 1810 1114 1874 mortalibus

57 1902 186 1970 natura,
212 1908 371 1960 recentem
397 1897 530 1960 aliorum
552 1895 742 1960 felicitatem
766 1895 861 1977 aegris
886 1895 986 1958 oculis
1015 1896 1116 1971 intro-

55 1980 195 2063 spicere,
212 1984 406 2066 modumque
424 1984 562 2046 lbrtanae
584 2004 603 2046 a
625 1982 719 2046 nullis
742 1983 843 2066 magis
858 1981 1001 2064 exigere,
1018 2005 1116 2068 quam

58 2089 140 2150 quos
164 2070 196 2131 in
220 2091 313 2153 aequo
336 2071 455 2134 videre.
502 2069 644 2143 Caecina,
662 2069 788 2132 Padurn
805 2083 1030 2152 transgressus,
1047 2079 1119 2133 ten·
1212 2130 1215 2135 .

57 2163 130 2218 tata
153 2153 405 2220 Othonianorum
420 2156 484 2220 fide
498 2179 557 2240 per
571 2156 763 2239 colloquium
776 2163 810 2218 et
824 2156 989 2237 promissa,
1003 2157 1118 2220 iisdem

57 2241 193 2324 petitus,
223 2253 389 2326 postquam
421 2265 485 2327 pax
513 2251 548 2306 et
576 2243 746 2307 concordia
773 2240 922 2325 speciosis
951 2251 985 2305 et
1015 2242 1118 2306 inritis

48 2328 240 2393 ..nominibus
251 2330 374 2414 jactata
386 2338 470 2404 sunt,
484 2329 615 2394 consilia
629 2350 785 2413 curasque
801 2328 832 2390 in
848 2329 1120 2412 oppugnationem

51 2413 240 2489 ,Placentia
262 2438 377 2501 magno
401 2426 523 2480 terrore
547 2416 666 2491 vertit;
697 2437 825 2500 gnarus,
856 2424 894 2478 ut
923 2415 1015 2479 initia
1034 2415 1118 2478 belli

55 2501 289 2584 provenissent,
306 2505 423 2567 famam
438 2505 472 2566 in
486 2512 592 2568 cetera
607 2503 687 2566 fore.
720 2532 722 2539 s
1106 2530 1108 2535 ·

52 2636 57 2652 .
86 2587 158 2651 -21,
183 2587 249 2652 Sed
266 2590 384 2673 primus
399 2591 468 2653 dies
482 2590 604 2673 impetu
619 2588 730 2673 magis,
748 2609 844 2671 quam
859 2587 1003 2652 veterani
1025 2608 1118 2651 exer-

59 2674 144 2737 eitus
168 2676 300 2754 artibus,
317 2685 515 2740 transactus:
540 2676 644 2760 aperti
657 2677 842 2758 incautique
857 2696 969 2738 muros⁴
980 2675 1117 2747 subiere,

57 2761 132 2824 cibo
148 2761 286 2845 vinoque
301 2784 493 2847 praegraves.
537 2763 578 2826 In
603 2785 641 2827 eo
663 2763 845 2835 certamine,
870 2761 1119 2845 pulcherrimum

58 2847 287 2929 amphitheatri
313 2872 403 2932 opus,
427 2851 528 2913 situm
550 2858 642 2913 extra
666 2870 783 2922 muros,
799 2850 1026 2931 conflagravit:
1050 2847 1120 2911 sive

58 2934 102 2997 ab
132 2938 403 3020 oppugnatoribus
431 2937 607 3009 incensum,
642 2936 718 2998 dum
746 2936 832 2998 faces
870 2945 906 2998 et
920 2934 1053 3016 glandes
1081 2955 1118 2997 ac

54 3020 213 3087 missilem
237 3025 343 3107 ignem
366 3023 400 3087 in
423 3024 567 3087 obsessos
588 3023 792 3108 jaculantur;
819 3022 886 3085 sive
908 3023 948 3084 ab
970 3019 1117 3096 obsessis,

53 3258 57 3263 ·
96 3225 104 3260 ²
118 3227 573 3294 001οηὶαιηῙΡ100001100000001000,
604 3228 641 3277 for
652 3229 717 3278 sails.
738 3229 790 3277 The
802 3237 900 3293 present
911 3229 1039 3279 Helvetian
1051 3232 1121 3280 dress

60 3310 88 3343 as
101 3309 135 3341 we
145 3295 194 3341 tind
206 3293 237 3358 by
248 3293 358 3350 Plinsiii,
372 3300 410 3343 ln.
443 3326 446 3331 ‹
604 3294 627 3342 is
638 3309 652 3340 a
663 3295 726 3358 good
738 3296 793 3342 deal
805 3296 852 3342 like
865 3298 905 3343 the
917 3299 1036 3358 sagatum.

53 3396 59 3403 .
94 3366 114 3391 ¹·
130 3359 186 3407 Illis
195 3359 315 3422 partibus]
337 3359 435 3408 Otho's.
639 3368 650 3402 t
677 3359 796 3423 Bruttus]
832 3360 909 3408 These
942 3360 1045 3410 covered
1078 3364 1120 3409 tlte

94 3431 109 3456 '⁸
127 3424 287 3488 Haudpoen.]
309 3424 376 3472 Huet
391 3425 446 3472 well
464 3423 574 3488 explains
607 3424 694 3488 thighs.
727 3425 848 3472 Fromtlre
862 3442 904 3473 nse
915 3425 941 3473 01
950 3428 1017 3474 thern
1034 3442 1048 3477 a
1065 3435 1120 3488 part

60 3489 100 3536 it:
117 3487 196 3536 ‘Cura
214 3488 279 3536 haud
296 3490 439 3552 spernenda,
451 3489 487 3538 vel
501 3489 575 3554 poeni·
607 3489 635 3536 ol
649 3489 714 3537 Gaul
728 3504 779 3537 was
789 3491 867 3537 called
884 3491 1033 3552 ‘aliqnando
1045 3490 1119 3538 Brac-

61 3553 136 3603 ands
145 3555 236 3601 virtute
248 3551 383 3616 pollerent!
453 3589 455 3592 >
608 3562 670 3610 cata,
690 3569 754 3602 nunc
774 3554 957 3612 Narbonensis,’
969 3557 1045 3617 Mela,
1056 3553 1083 3608 ii,
1095 3560 1120 3615 5.

95 3619 186 3666 ⁰Post
209 3617 295 3682 Alpes]
313 3618 424 3667 'Tacitus
445 3635 500 3684 says
522 3616 575 3666 well
607 3619 660 3666 The
676 3618 763 3682 Gauls‚
781 3620 837 3668 who
855 3622 927 3668 burnt
944 3622 984 3668 the
1004 3621 1060 3680 city,
1079 3634 1119 3665 are

61 3689 126 3747 post,
138 3699 164 3730 as
174 3684 206 3730 be
217 3699 268 3730 was
278 3682 377 3748 waiting
387 3685 412 3731 in
424 3683 498 3747 Italy.
607 3684 686 3732 called
703 3685 735 3743 by
753 3685 842 3735 Juven.
853 3685 904 3748 viii,
917 3689 973 3733 234.
996 3693 1003 3713 ‘
1018 3685 1120 3730 Bracca-

94 3756 109 3790 Ρ
126 3747 231 3809 Sagala]
243 3748 264 3794 A
277 3750 368 3796 shorter
378 3746 438 3796 kind
447 3749 474 3797 oi
482 3750 575 3808 sugant.
607 3758 686 3796 torum
696 3751 773 3812 pueri,
784 3750 951 3812 Senonumque
964 3745 1083 3795 minores.’

62 3813 129 3861 Mor.
147 3812 232 3861 Germ.
247 3817 288 3863 17.
307 3813 449 3877 ‘Tegumen
467 3814 577 3861 omnibus
641 3821 652 3847 f
671 3815 802 3878 ostroque]
827 3816 924 3876 Among
941 3813 984 3858 the
1003 3811 1121 3867 Roianus,

62 3892 157 3940 sagum,
170 3878 251 3941 fibula,
262 3887 302 3925 aut
314 3879 334 3925 si
351 3880 422 3934 desit,
439 3877 508 3941 spina
520 3892 577 3925 con·
610 3879 695 3942 purple
706 3894 753 3927 was
764 3880 847 3942 highly
856 3877 1063 3928 esteemed,and‘
1074 3890 1129 3929 nm·
1225 3874 1228 3879 ⁴

60 3941 181 3990 eertum!
206 3941 236 3989 In
255 3941 289 3992 H.
307 3959 330 3999 v,
350 3947 391 3992 23.
409 3959 447 3991 we
464 3943 580 3992 tindtbat
609 3957 670 3992 nem
688 3955 785 3994 vestem
802 3938 993 3992 illuminabat-J
1015 3937 1152 3984 aalma

63 4006 582 4075 tbeBatariansnsedpartycoloradsagula
615 4014 660 4062 16.
714 4053 716 4057 ,
787 4038 791 4045 ·
1150 4011 1152 4015 ’
