2512 4372
56 189 120 235 no.
135 171 208 254 61.]
379 187 590 236 ιιιιιιιιιιιι
615 186 691 235 nm.
716 185 800 236 xiv.
849 227 852 233 .
1050 171 1115 237 121

56 308 183 382 obvius,
201 308 287 372 fudit
301 307 471 390 legionem,
488 317 534 384 et,
555 307 642 392 qnod
663 307 820 391 peditum,
844 305 1026 371 interfecit:
1051 307 1116 371 Ce-

55 395 143 458 rialis
170 417 244 459 cum
266 394 428 476 equitibus
451 395 556 458 evasit
583 395 614 455 in
640 403 756 471 castra,
774 402 809 456 et
831 395 1037 458 munimentis
1060 395 1115 457 de-

55 483 167 546 fensus
183 490 245 544 ert.
292 480 368 559 Qua
383 481 484 551 clade.
500 490 535 544 et
552 481 633 544 odiis
656 481 841 562 provinciae,
859 498 956 565 quam
979 480 1116 544 avaritia
1222 483 1226 487 ’

55 568 88 630 in
117 567 236 633 bellum
259 576 383 652 egerat,
407 567 553 652 trepidus
578 576 765 650 procurator
787 566 890 632 Catus
916 568 947 630 in
976 566 1115 631 Galliam

57 654 197 718 transiit.

99 740 155 804 33.
178 739 228 804 At
253 739 430 804 Suetonius
452 740 533 803 mira
556 740 735 804 constantia
763 739 884 803 medios
906 738 990 802 inter
1010 739 1117 803 hostes

58 827 280 891 Londinium³
306 827 460 910 perrexit,
490 838 701 910 cognomento
731 827 863 910 quidem
893 826 1024 889 colonioe
1054 848 1117 890 non

56 915 194 997 insigne,
211 913 268 977 sed
284 913 375 996 eopia
390 915 624 997 negotiatorum
646 925 680 977 et
701 923 956 977 commeatuum‘
978 913 1117 976 maxime

58 1001 203 1064 celebre:
239 1001 282 1064 ibi
312 1000 494 1083 ambiguus,
519 1022 559 1063 an
589 1000 677 1063 illam
703 1001 811 1064 sedem
837 999 920 1062 bello
947 999 1116 1080 deligeret,

57 1089 292 1169 circumspecta
313 1086 528 1170 infrequentia
551 1087 672 1161 militis,
700 1087 846 1171 satisque
869 1085 993 1169 maguis
1019 1087 1116 1150 docu-

57 1175 174 1239 mentis
191 1172 404 1238 temeritatem
421 1174 534 1238 Petilii
548 1175 732 1248 coercitam,
748 1176 843 1237 unius
858 1173 991 1256 oppidis
1001 1173 1117 1239 damno

58 1281 189 1325 servare
214 1261 365 1323 universa
387 1260 511 1324 statuit.
558 1259 676 1343 Neque
698 1261 778 1323 fletu
806 1271 840 1325 et
867 1259 1013 1343 lacrymis
1037 1281 1118 1324 aux·

59 1348 149 1412 iliam
177 1347 247 1430 ejus
278 1347 437 1410 orantium
467 1347 572 1410 flexus
600 1356 662 1426 est,
688 1347 766 1430 quin
791 1347 883 1411 daret
911 1348 1119 1430 profectionis

58 1435 199 1518 signum,
223 1442 256 1496 et
282 1434 471 1497 comitantes
493 1434 527 1496 in
552 1443 675 1516 partem
702 1434 838 1517 agminis
863 1434 1034 1516 acciperet.
1081 1434 1119 1497 Si

61 1542 147 1604 qnos
167 1520 304 1583 imbellis
330 1541 440 1595 sexus,
456 1528 514 1585 aut
536 1520 621 1583 fessa
642 1529 730 1594 aetas,
748 1521 800 1582 rel
824 1520 885 1584 loci
907 1520 1044 1584 dulcedo
1072 1532 1119 1585 at-

59 1609 214 1685 tinuerat,
231 1608 271 1670 ab
286 1607 375 1671 hoste
391 1606 533 1689 oppressi
548 1616 634 1669 snut.
680 1605 804 1670 Eadem
822 1606 928 1671 clades
945 1608 1117 1690 municipio

59 1692 273 1759 Verulamio&
306 1694 390 1768 fuit3
423 1693 500 1777 quia
530 1693 667 1766 barbari,
694 1693 818 1757 omissis
842 1693 981 1756 castellis
1007 1696 1118 1778 praesi-

60 1781 189 1863 diisque
212 1778 409 1856 militarium,
436 1780 522 1863 qnod
549 1781 744 1843 uberrimum
772 1779 921 1864 spolianti
946 1789 980 1843 et
1006 1782 1118 1845 defen-

61 1867 213 1932 dentibus
239 1865 390 1940 intutum,
417 1865 484 1930 laeti
515 1868 622 1950 praeda
648 1876 682 1929 et
704 1867 839 1931 aliorum
867 1865 1008 1951 segnes,
1029 1877 1120 1969 pete·

60 1955 149 2018 bant.
204 1952 259 2016 Ad
289 1953 494 2053 septuaginta
522 1950 640 2017 millia
669 1954 787 2018 civium
818 1961 852 2018 et
881 1953 1050 2030 sociorum,
1079 1955 1118 2018 iis

61 2063 134 2124 qnae
172 2040 346 2103 memoravi
382 2039 469 2115 locis,
500 2041 654 2104 cecidisse
686 2041 839 2105 constitit.
885 2039 1005 2136 Neque
1034 2042 1119 2104 enim

60 2147 188 2210 capere,
206 2136 263 2189 ant
289 2126 493 2198 venumdare,
517 2127 645 2190 aliudve
670 2128 757 2210 quod
780 2127 855 2191 belli
874 2128 1119 2201 commercium

62 2216 117 2277 sed
148 2213 267 2290 caedes,
296 2212 450 2296 patibula,
480 2214 582 2314 ignes,
614 2235 737 2290 cruces,
769 2222 932 2296 tamqnam
962 2214 1120 2276 reddituri

62 2300 275 2401 supplicium
284 2321 321 2361 ae
337 2309 495 2382 praerepta
510 2301 636 2364 interim
653 2301 786 2373 ultione,
803 2301 1007 2363 festinabant.

103 2389 160 2454 34
181 2376 275 2451 Jam
286 2384 440 2449 Suetonio
470 2387 708 2486 quartadecima
738 2387 822 2471 legio
848 2408 921 2450 cnm
944 2386 1118 2450 vexillariis

64 2473 293 2549 vicesimanis*
312 2481 347 2536 et
361 2495 380 2535 e
395 2473 548 2556 proximis
563 2473 745 2548 auxiliares,
761 2475 873 2536 decem
896 2473 998 2536 ferme
1019 2474 1119 2538 millia

64 2572 258 2624 armatorum
273 2569 400 2623 erant:
437 2581 509 2623 oum
536 2561 684 2624 omittere
707 2561 955 2630 cunctationem,
983 2569 1015 2623 et
1042 2583 1118 2624 eon·

65 2647 157 2727 gredi
180 2646 249 2711 acie
272 2655 384 2730 parat:
414 2646 594 2730 deligitque
619 2647 722 2710 locum
749 2649 845 2710 arctis
869 2648 1025 2721 faucibus,
1042 2658 1076 2711 et
1100 2671 1120 2711 a

66 2745 155 2818 tergo
181 2733 271 2818 sylva
294 2733 458 2808 clausum
482 2735 558 2797 satis
577 2734 716 2817 cognito,
733 2734 809 2796 nihil
834 2733 983 2812 hostium,
1001 2735 1060 2798 nisi
1085 2736 1119 2798 in

65 2821 181 2899 fronte,
197 2828 232 2882 et
256 2829 398 2903 apertam
420 2820 587 2904 planitiem
611 2842 692 2894 esse,
717 2821 785 2883 sine
809 2833 898 2885 metu
921 2821 1117 2884 insidiarum.

66 2905 173 2988 Igitur
188 2906 381 2988 legionarius
395 2906 548 2991 frequens
563 2907 724 2970 ordinibus
738 2931 746 2978 3
776 2907 856 2970 levis
877 2907 995 2971 circum
1017 2929 1117 2972 arma-

67 3004 150 3074 tura,
166 2991 374 3078 conglobatus
389 3015 445 3078 pro
461 2994 607 3060 cornibus
623 3015 722 3078 eques
744 2994 881 3060 adstitit.
924 2994 973 3058 At
989 2993 1120 3058 Britan-

96 3241 283 3304 emma]
300 3241 577 3306 Menaenorum.
609 3231 649 3294 61.
668 3245 708 3290 ed.
722 3245 794 3292 18116
828 3243 877 3291 But
892 3245 911 3292 it
927 3246 972 3293 lias
988 3246 1050 3296 been
1069 3264 1121 3296 reu-

65 3309 127 3357 Now
139 3309 249 3357 huon.
281 3307 348 3354 Eron
365 3309 422 3355 tlren
438 3309 577 3356 semenator
609 3308 870 3366 deredrnoresamous,
881 3310 948 3358 and'
941 3324 974 3359 rte
990 3327 1059 3361 name
1075 3315 1119 3362 iru-

65 3373 196 3422 itswealtlr
208 3371 385 3436 sudindustry.
611 3374 704 3436 mortni,
723 3374 758 3439 by
778 3375 831 3423 that
852 3385 919 3439 great
937 3392 1003 3433 man,
1024 3378 1120 3429 Francis

94 3436 313 3498 Cenandum]
331 3437 405 3500 Ships
419 3437 514 3501 coming
532 3439 579 3486 and
610 3439 703 3486 Bacon.

65 3519 102 3616 1⁸⁰¹
103 3519 166 3618 'l
176 3502 578 3616 &catliti‘rtlttttt
642 3501 922 3634 &dmi-‘nil‘
933 3523 967 3618 ‘t
975 3507 1022 3554 ³⁴⁶
1035 3510 1093 3622 ²¹³5·-

76 3572 307 3696 ιοῙΜῙΙιιιιιοιιιιιιὶὲ]
326 3632 437 3680 London.
555 3639 562 3652 ⁴
610 3633 663 3689 lxii
685 3649 709 3698 p.
687 3577 788 3684 millnd.
800 3571 1002 3699 ‘zlprddcecdtdrldd
1019 3583 1070 3687 lar
1086 3590 1122 3687 lie

96 3708 110 3741 r
137 3698 286 3760 Verum]
321 3697 373 3745 The
395 3698 493 3761 place
485 3713 507 3745 rs
528 3698 578 3746 still
608 3699 728 3756 Ρωμαίων
746 3700 786 3750 rol
811 3703 860 3749 τῶν
886 3700 1018 3761 συμμάχων
1045 3703 1122 3752 atreo

66 3764 143 3813 called
171 3764 291 3818 Verritum,
308 3776 365 3810 near
385 3763 422 3810 St.
442 3762 559 3810 Albane
552 3778 578 3810 ιιι
611 3762 700 3829 ἐφθάρη
701 3782 755 3827 σαν,
764 3767 1123 3827 ᾛὸθθοοοίῑΙιεΒοιιιιιιιιιιιά

66 3827 256 3878 llertt'orrlshire.
300 3827 366 3874 Here
388 3842 442 3885 are
450 3828 499 3874 still
521 3843 578 3876 seen
611 3783 897 3894 rheirntliesperished!

67 3891 579 4014 uffimmngxqtsbotlgomaqranqmty.
614 3959 623 4006 l
646 3892 658 3927 l
679 3895 848 3959 Vtcerlmauts]
881 3895 916 3943 Ol
940 3896 982 3942 tho
1001 3896 1123 3943 twentieth

144 3958 199 4006 su's
239 3973 260 4006 n
311 3970 328 4022 5
369 3972 416 4021 oug
461 3973 489 4006 ro
502 3973 581 4022 .up.
625 3959 705 4021 egion.

138 4047 198 4098 Tac
584 4046 619 4095 II.
1044 4046 1072 4092 1.
