2512 4372
160 206 228 282 290
300 264 304 269 .
470 189 893 278 c'.‚oos1r-uu11rncrrr·
993 207 1221 290 [annom

159 351 227 421 aut
240 339 366 426 punivit
390 338 553 423 Vitellius,
570 340 604 405 in
626 340 727 407 multa
740 343 887 408 colluvie
910 363 1020 408 rerum
1044 347 1216 431 majoribus

159 428 309 511 flagitiis⁶
331 427 517 511 permixtos·
1049 469 1052 493 ;
1087 489 1091 498 ,

204 516 258 580 17.
282 512 464 598 Aperuerat
476 515 544 599 jam
569 513 708 589 Italiam,
722 514 906 598 bellumque
933 517 1171 595 transmiserat,
1183 526 1216 581 rt

160 623 258 684 supra
283 601 555 682 memoravimus,d
576 600 628 664 ala
651 600 793 684 Syllana,
808 602 896 665 nullo
917 604 1004 686 apud
1021 624 1215 689 quemqnam

161 688 300 752 Othonis
322 688 442 761 lavore,
467 709 527 752 nec
556 688 632 771 quia
653 686 823 766 Vitellium
849 689 1003 770 mallent;
1040 693 1100 755 sed
1127 693 1214 776 longa

159 796 224 858 pax
247 775 297 838 ad:
310 794 403 837 omne
424 774 590 838 servitium
612 776 764 857 fregerat,
787 774 897 842 faciles
922 779 1162 860 occupantibus
1184 786 1214 841 et

158 861 343 925 melioribus
358 861 541 925 incuriosos.
588 859 864 925 Florentissimum
881 861 986 926 Italiae
1003 864 1105 942 latus,
1119 887 1213 950 quan-

159 958 228 1012 tum
243 948 328 1011 inter
344 947 470 1013 Padum
493 946 659 1031 Alpesque
681 969 862 1032 camporum
887 959 921 1012 et
945 951 1105 1028 urbium:
1126 953 1213 1016 armis

159 1032 285 1126 ¹Vitellii
307 1039 459 1117 (namque
482 1044 516 1098 et
541 1034 712 1116 praemissae
736 1056 757 1098 a
786 1034 917 1099 Caecina
943 1036 1097 1102 cobortes
1122 1040 1212 1102 adre-

157 1131 285 1200 nerant)
319 1123 498 1184 tenebatur.
560 1119 667 1205 Capta
704 1121 940 1186 Pannoniorum
977 1124 1096 1189 cohors
1133 1126 1212 1209 apud

159 1207 382 1290 Cremonam.s
423 1205 600 1288 Intercepti
615 1215 744 1271 centum
767 1208 893 1296 equites
916 1230 953 1272 ac
977 1210 1070 1273 mille
1094 1212 1211 1277 classici

157 1295 241 1358 inter
257 1292 455 1357 Placentiam
477 1293 690 1378 Ticinumque
704 1303 733 1357 :¹
754 1316 819 1378 qno
841 1316 992 1359 successu
1019 1295 1212 1363 Vitellianus

121 1385 123 1389 ’
156 1382 249 1458 miles
276 1398 338 1443 non
366 1380 592 1464 jamflumine
621 1389 678 1444 aut
703 1381 784 1464 ripis
821 1383 1001 1448 arcebatur.
1057 1383 1210 1450 Inritabat

158 1467 333 1550 quinetiam
373 1465 515 1530 Batavos
553 1466 904 1549 Transrhenanosquel
952 1467 1072 1535 Padus
1123 1473 1208 1556 ipses

157 1575 259 1637 quern
277 1560 419 1637 repente,
440 1561 550 1617 contra
572 1553 785 1629 Placentiam,
802 1555 1002 1638 transgressi,
1019 1559 1128 1642 raptis
1147 1558 1209 1643 qni·

156 1641 291 1704 busdam
314 1639 581 1724 exploratoribus,
608 1641 653 1704 ita
684 1651 806 1704 ceteros
835 1650 991 1722 terruere,
1020 1656 1060 1709 ut
1086 1647 1209 1710 ‘adesse

155 1749 280 1797 omnem
296 1727 434 1793 Caecinae
450 1727 651 1805 exercitum,’
674 1727 790 1812 trepidi
806 1750 843 1791 ac
857 1728 930 1792 falsi
944 1732 1149 1797 nuntiarent.
1162 1764 1165 1769 ¹

199 1813 253 1878 18.
276 1814 412 1879 Certum
439 1822 508 1878 erat
531 1814 701 1897 Spurinnae
726 1815 768 1895 (is
793 1814 878 1883 enirn
904 1813 1112 1882 Placentiam
1136 1817 1209 1883 obtio

155 1903 265 1979 nebat)
281 1900 416 1967 necdum
432 1900 557 1964 venisse
572 1901 745 1977 Caecinam,
762 1908 806 1975 et,
824 1901 850 1965 si
864 1902 1114 1986 propinquaret,
1128 1927 1208 1971 coer·

156 2009 230 2051 cere
258 1987 562 2057 intra-munimenta
586 1987 730 2063 militem,
761 2009 820 2052 uec
849 1992 906 2052 tris
936 1989 1128 2071 praetorias⁶
1162 2013 1208 2056 oo·

156 2074 263 2138 hortea
276 2083 314 2136 et
326 2074 414 2138 mille
430 2072 713 2148 vexillarioscum
732 2075 843 2158 paucis
855 2075 1043 2159 equitibus,
1063 2087 1208 2144 veterano

156 2161 312 2226 exercitui
330 2161 481 2245 objicere.
526 2158 592 2224 Sed
618 2161 790 2226 indomitus
811 2162 910 2236 miles,
926 2172 960 2225 et
977 2163 1056 2227 belli
1072 2165 1206 2250 ignarus,

155 2247 308 2332 correptis
335 2247 433 2332 signis
458 2245 661 2330 vexillisque,
681 2268 786 2323 ruere,
811 2257 845 2310 et
867 2248 1020 2312 retinenti
1047 2252 1126 2317 duci
1151 2252 1207 2316 tela

154 2335 324 2419 intentare,
346 2333 461 2418 spretis
486 2333 723 2398 centurionibus
748 2334 973 2419 tribunisque}
995 2337 1056 2420 qui
1087 2338 1206 2425 ‘prodi-

155 2421 287 2496 tionem,
303 2429 337 2483 et
363 2421 500 2484 accitum
526 2420 710 2493 Caecinam,'
737 2421 951 2485 clamitabant.
998 2421 1058 2487 Fit
1088 2423 1205 2491 temeri·

155 2508 231 2573 tatis
260 2508 371 2576 alienae
400 2528 506 2570 comes
531 2505 706 2591 Spurinna,
731 2507 833 2591 primo
859 2517 1001 2585 coactus,
1027 2531 1108 2576 mox
1134 2511 1206 2576 velle

156 2595 319 2674 simulans,
336 2615 400 2678 quo
422 2593 494 2678 plus
515 2593 715 2660 auctoritatis
737 2595 855 2659 inesset
876 2595 1025 2672 consiliis,
1047 2598 1077 2663 si
1102 2598 1207 2664 seditio

154 2681 347 2746 mitesceret.
466 2726 470 2731 -
814 2718 818 2725 ·

177 2767 253 2834 ‘la
279 2767 455 2853 Postquam
482 2765 513 2829 in
538 2775 710 2851 conspectu
738 2765 849 2832 Padus
872 2775 906 2832 et
927 2789 994 2832 nox
1024 2771 1205 2858 appetebat.

156 2855 269 2919 vallari
292 2864 395 2918 castra
416 2852 548 2938 placuit.
594 2853 629 2918 Is
653 2854 769 2942 labor,¹
786 2856 907 2921 urbano
932 2856 1028 2920 militi
1053 2858 1203 2933 insolitus,

155 2943 302 3016 contudit
333 2943 462 3006 animos.
507 2939 591 3015 Tum
621 2941 857 3005 vetustissimus
884 2942 1024 3026 quisque
1055 2946 1207 3029 castigare

158 3030 405 3095 ‘credulitatem
421 3049 522 3103 suam,
539 3035 661 3091 metum
685 3049 723 3091 ac
746 3026 932 3093 discrimen’
953 3031 1141 3106 ostendere,
1164 3028 1206 3092 ‘si

157 3135 229 3180 cum
266 3116 412 3180 exercitu
443 3114 585 3193 Caecina,
616 3114 798 3199 patentibus
834 3114 964 3200 campis,
996 3124 1065 3182 tam
1098 3135 1206 3204 paucas

190 3357 199 3382 ⁸
218 3347 350 3408 Minoribus
360 3349 480 3413 flagitiis]
499 3349 531 3397 So
543 3347 575 3396 A.
585 3348 634 3404 rvi,
644 3351 668 3397 8.
703 3348 789 3397 Pario.

157 3413 273 3479 ⁴[n1ulti]
288 3413 419 3471 Neronem,
429 3416 492 3464 circa
505 3429 601 3469 ,summa
617 3427 668 3464 sce·
726 3412 856 3463 lBatauos
867 3413 1122 3483 Trmrlrmmqrre]
1133 3416 1206 3465 Tum

151 3476 663 3595 ,¹²¹2titt¹¹tztttttlt⁰¹tttt‘tr'
699 3479 1206 3610 attextfttttt‘tttttat

191 3559 487 3673 ‘Cubporrmetarbirrnr
514 3577 669 3672 Campoinm:
700 3580 879 3672 iuswimming,
891 3624 979 3658 arras
990 3609 1042 3658 said
1054 3623 1081 3660 at
1093 3614 1122 3661 Δ.
1134 3613 1192 3675 lte

159 3677 296 3734 Ptrdrrront,
309 3673 464 3732 Montsrrrut,
475 3676 524 3723 und
542 3675 582 3723 tte
593 3675 667 3726 Milo·
731 3671 739 3706 ⁴
758 3675 814 3724 Tra
821 3673 906 3738 prat]
921 3675 954 3724 So
965 3677 1008 3724 tho
1023 3678 1134 3727 rechma
1147 3677 1205 3728 otte·

156 3758 224 3791 nese:
242 3742 344 3803 urbium,
357 3738 532 3794 Mediolanum,
550 3738 666 3797 Novaria,
698 3738 798 3788 uictor
808 3744 866 3793 tra.

156 3807 287 3871 Eporedia,
298 3805 422 3859 Vercellae.
442 3802 488 3850 See
500 3802 534 3850 H.
544 3804 563 3858 i,
573 3807 614 3852 2⁰.
730 3803 742 3837 l
761 3803 927 3870 Tribuniqu]
956 3803 1036 3855 Tbcre
1053 3806 1115 3856 used
1135 3815 1161 3855 to
1179 3804 1205 3852 b·

181 3873 201 3914 s
215 3871 366 3938 Cremonam]
386 3868 441 3934 Still
452 3868 530 3918 called
540 3871 664 3922 Crenrcnc.
695 3870 806 3935 wrongty
814 3869 896 3918 added
907 3872 962 3918 berc
980 3871 1007 3918 in
1026 3872 1068 3921 the
1087 3880 1206 3937 texum·

174 3949 192 3982 1
204 3939 364 3993 Placentiam
377 3932 548 4001 'l'r'cr'rrurnqurl
564 3932 669 3983 Placen·
698 3936 828 3987 uidmbcm
834 3935 903 3987 duis
911 3937 1075 3989 tradentibus.

130 4005 177 4065 tia,
200 4021 264 4058 norr
291 4010 443 4070 Plateam,
476 4003 605 4063 Ticinum.
619 4013 676 4050 nov
974 4046 976 4051 .
