2512 4372
153 194 221 271 292
466 212 731 294 „moosxsnrr
752 213 883 262 rscrrr
993 199 1222 282 [s.u.c.·822.

154 331 232 394 dum
260 340 423 415 regerunt.
481 330 679 416 Manioipale
715 332 843 417 vulgus,
875 355 1012 417 pronum
1043 337 1088 399 ad
1102 382 1106 387 -
1120 340 1221 422 suspi-

136 414 271 493 ciones,
297 419 411 483 fraude
433 419 524 482 illata
545 420 631 503 ignis
654 419 805 483 alimenta
826 420 964 484 credidit
983 443 1004 484 a
1025 423 1220 505 quibusdam

154 504 308 570 eviciuis
332 505 475 580 coloniis,
499 506 621 570 invidia
642 517 677 570 et
700 507 916 586 aemulatione,
945 509 1034 591 qnod
1066 510 1163 574 nulla
1191 512 1218 573 in

153 588 253 656 Italia
275 594 376 660 moles
400 603 473 658 tam·
489 615 592 676 capax
615 593 720 657 foret:
752 615 956 677 quocumque
983 617 1065 658 casu
1092 599 1218 673 accidit,

155 677 232 740 dum
262 679 419 744 atrociora
447 681 682 756 metuebantur,
712 680 746 742 in
782 680 847 744 levi
885 680 1053 749 habitum:
1093 685 1218 748 reddita

154 766 338 842 securitate,
365 777 527 851 tamquam
551 766 632 829 nihil
656 765 785 850 gravius
808 766 876 850 pati
891 769 1086 850 potuissent,
1104 792 1216 834 moere·

153 851 241 915 hant.
288 852 441 919 Ceterum
472 853 573 918 multo
603 874 732 918 suorum
773 874 887 917 cruore
914 854 1032 937 pulsus
1063 855 1215 921 Caecina:

152 946 188 1000 et
217 959 283 1003 nox
303 940 462 1024 <parandis
489 939 637 1024 operibus
665 941 823 1004 absumta.
881 939 1054 1005 Vitelliani
1093 942 1215 1026 pluteos

153 1034 323 1110 cratesque
349 1036 382 1092 et
408 1028 539 1091 vineas‘
569 1027 779 1090 suffodiendis
804 1028 913 1101 muris,
941 1032 1214 1115 protegendisque

153 1115 448 1196 oppugnatoribus3
470 1111 655 1176 Othoniani
681 1113 793 1178 sudes‘
815 1123 850 1178 et
874 1114 1050 1178 immensas
1079 1117 1213 1200 lapidum

149 1220 192 1262 *ac
214 1197 338 1282 plumbi
364 1201 499 1284 aerisque
513 1198 624 1273 moles,
640 1201 876 1284 perfringendis
891 1203 1138 1286 obruendisque
1153 1205 1212 1267 hoe

152 1285 251 1364 tibus,
278 1287 467 1368 expediunt.
512 1285 688 1369 Utrimque
713 1289 828 1370 pudor,
854 1289 1018 1371 utrimque
1045 1291 1163 1372 gloria,
1186 1298 1212 1352 et

152 1371 290 1435 diversae
305 1373 554 1447 exhortationes,
572 1372 645 1437 hiue
668 1381 677 1409 ⁴
693 1373 852 1456 legionum
868 1383 902 1437 et
918 1372 1116 1441 Germanici
1131 1397 1212 1440 exer·

152 1458 235 1522 citus
260 1459 379 1538 robur,'
404 1460 479 1522 inde
502 1464 511 1495 ‘
529 1459 659 1523 urbanae
673 1461 797 1524 militiae
813 1469 847 1523 et
863 1462 1093 1544 praetcriarum
1111 1464 1210 1528 cohor·

152 1545 232 1612 tium
249 1545 366 1610 decus'
386 1547 622 1611 attollentium:
644 1547 692 1610 illi
715 1555 777 1611 ‘ut
800 1569 930 1630 segnem
955 1569 994 1611 ac
1020 1549 1169 1615 desidem
1184 1558 1209 1612 et

154 1631 240 1696 circo
263 1654 300 1695 ac
325 1634 458 1697 theatris
481 1643 667 1717 corruptum
682 1634 814 1697 militem
828 1635 854 1709 ς’
876 1634 909 1697 hi
932 1639 1209 1718 ‘peregrinumet

146 1721 341 1783 'externum'
376 1721 605 1805 increpabant:
643 1720 739 1785 simul
770 1719 932 1784 Othonem
972 1743 1012 1785 ac
1043 1721 1209 1788 Vitellium

149 1806 352 1871 celebrantes
389 1808 630 1891 culpantesque,
666 1807 866 1872 uberioribus
901 1807 984 1872 inter
1026 1831 1064 1873 se
1098 1808 1209 1896 probris

148 1914 249 1977 quam
265 1893 413 1958 laudibus
427 1895 682 1958 stimulabantur.

195 1980 250 2044 22.
273 1978 419 2044 Vixdum
450 1990 520 2044 orto
553 1980 618 2059 die,
641 1982 737 2064 plena
762 1979 1054 2065 propugnatoribus
1079 1985 1208 2049 moeuis:

147 2066 314 2150 fulgentes
342 2069 437 2130 armis
461 2067 605 2151 virisque
627 2068 742 2152 campi,
758 2069 892 2131 densum
907 2067 1075 2149 legionum
1092 2091 1208 2155 agmen,

145 2174 262 2238 sparsa
291 2155 486 2218 auxiliorum
514 2175 639 2235 manus,
670 2154 784 2218 altiora
812 2174 976 2216 murorum
1003 2157 1137 2240 sagittis
1160 2165 1209 2219 aut

151 2242 237 2304 saxis
259 2240 417 2304 incessere
430 2266 439 2316 ς
462 2241 621 2324 neglecta,
638 2249 696 2304 aut
710 2263 779 2304 aevo
794 2241 882 2304 fluxa
897 2240 1044 2304 cominus
1060 2243 1207 2328 adgredi:

147 2327 304 2410 ingerunt
332 2328 470 2410 desuper
500 2327 675 2391 Othoniani
698 2328 773 2412 pila,
797 2328 911 2390 librato
936 2329 1042 2409 magis
1068 2339 1106 2394 et
1130 2338 1207 2394 cedo

150 2413 231 2493 ictu,
261 2414 415 2478 adversus
441 2424 565 2479 ¹temere
594 2416 767 2478 subeuntes
793 2413 939 2477 cohortes
964 2412 1206 2487 Germanorum,

151 2510 249 2564 cantu
286 2502 380 2577 truci,
400 2510 434 2564 et
457 2522 546 2563 more
570 2501 672 2584 patrio
695 2502 789 2565 nudis
813 2499 1009 2583 corporibus,
1035 2524 1135 2586 super
1157 2504 1207 2566 hu·

151 2608 255 2651 meros
277 2596 369 2651 scuta
382 2588 606 2671 quatientium.
652 2586 873 2671 Legiouarius‚
887 2585 1009 2670 pluteis
1024 2597 1060 2652 et
1075 2589 1207 2654 cratibus

152 2682 269 2747 tectus,
297 2675 421 2737 subruit
447 2695 564 2751 muros,
590 2674 721 2737 instruit
746 2694 909 2757 aggerem,
930 2673 1065 2738 molitur
1095 2686 1204 2760 portas

152 2758 275 2825 Contra
297 2761 481 2844 praetoriani
502 2761 671 2843 dispositos
686 2761 726 2824 ad
741 2760 775 2823 id
790 2759 896 2843 ipsum
910 2759 1073 2824 molares·
1094 2760 1205 2847 ingenti

149 2850 293 2932 pondere
316 2869 353 2911 ac
377 2848 505 2931 fragore
528 2848 744 2930 provolvunt:
768 2868 841 2930 pars
861 2846 1070 2910 subeuntium
1085 2847 1206 2918 obruti;

150 2957 226 3017 pars
248 2934 366 2998 confixi
382 2944 417 2998 ct
431 2954 624 3017 exsangues,
638 2942 696 2997 aut
710 2933 818 3010 laceri,
833 2954 906 2995 cum
921 2944 1059 3015 augeret
1075 2945 1205 3018 stragem

151 3023 335 3104 trepidatio,
358 3043 462 3105 eoque
476 3022 581 3084 acrius
594 3042 614 3085 e
629 3020 790 3084 moenibus
805 3020 1064 3099 vulnerarentur,
1079 3023 1205 3091 rediere,

152 3107 289 3172 infracta
311 3108 450 3193 partium
466 3108 573 3172 lama:
604 3116 638 3170 et
662 3107 803 3182 Caecina,
819 3107 942 3190 pudore
958 3118 1080 3191 coeptae
1096 3120 1206 3172 temere

152 3196 407 3278 oppugnationis,
430 3217 471 3259 ne
485 3195 603 3259 inrisus
618 3215 654 3258 ac
669 3216 771 3275 vanus
786 3193 897 3257 iisdem
913 3193 1025 3258 castris
1041 3197 1205 3266 adsideret,

152 3279 288 3362 trajecto
311 3303 424 3345 rursus
449 3283 552 3356 Pado,
579 3279 769 3345 Cremonam
800 3289 909 3365 petere
936 3278 1090 3348 intendit.
1136 3281 1205 3345 Tra·

149 3365 262 3428 didere
291 3387 362 3431 sese
389 3369 520 3434 abeunti
547 3367 713 3431 Turullius
739 3367 874 3432 Cerialis
899 3387 972 3430 cum
998 3369 1207 3455 compluribus

147 3451 302 3527 classicis,
329 3462 363 3517 et
384 3452 495 3520 Julius
518 3453 727 3539 Briganticus
751 3476 823 3518 cum
845 3453 956 3538 paucis
969 3456 1141 3536 equitum:
1163 3452 1206 3517 hic

64 3552 66 3557 '
149 3540 327 3624 prefectus
356 3539 428 3616 alas,
458 3542 491 3604 in
521 3543 655 3607 Batavis
684 3541 832 3627 genitus3
869 3540 924 3604 ille
945 3541 1153 3627 primipilaris
1178 3548 1206 3603 et

184 3747 194 3772 ¹
212 3736 438 3801 Pluteos-obrem]
453 3737 532 3787 Thess
543 3740 612 3789 three
624 3755 665 3789 ers
697 3739 744 3790 See
757 3739 844 3804 ngst.
854 3739 889 3799 ir,
901 3744 942 3789 15.

153 3804 265 3855 different
291 3805 420 3859 machiner,
442 3818 526 3852 waren
554 3807 663 3868 together
691 3830 694 3839 ·
728 3808 737 3840 ⁸
758 3805 847 3869 Studes]
879 3806 956 3870 scarp
976 3807 1071 3863 stokes,
1094 3805 1206 3856 bardenei

145 3873 213 3919 ,with
233 3872 324 3928 bermo,
341 3869 422 3932 twigs,
440 3868 488 3917 aud
507 3868 584 3922 hides,
602 3870 663 3918 with
696 3871 755 3919 with
768 3871 819 3919 irs.

146 3935 233 3992 ,ehieh
254 3937 296 3983 tho
319 3937 435 3997 besiegers
453 3948 513 3984 were
530 3933 664 3996 protected,
728 3943 743 3968 ¹
768 3933 889 3997 Motum]
912 3933 1009 3994 Abora,
1022 3936 1208 3988 ‘imm-ush-

153 3998 225 4050 while
251 4001 313 4066 they
339 3998 496 4051 undermiued
521 3999 565 4048 the
590 3999 665 4051 walls.
696 3997 781 4065 pidum
794 3999 885 4052 moles?
