2512 4372
102 190 274 283 lietb}-
417 206 629 267 suasurum
656 209 730 267 cra.
754 212 844 267 xrrr.
1116 200 1161 265 77

102 334 334 421 mpetere!
381 332 470 399 Nam
486 334 730 409 Pharasmanes,
749 334 920 402 interfecto
940 336 1005 401 tilio
1021 334 1156 403 Rbada·

102 418 199 501 meo,
221 420 345 505 ‘quasi
366 420 532 505 proditore
544 424 616 499 sui,’
629 444 695 506 quo
716 422 812 485 lidum
835 422 867 486 in
890 443 946 487 nos
968 432 1154 503 testaretur,

99 516 189 573 ratas
223 508 382 571 advenas
422 505 592 573 Armenios
627 508 736 571 odium
776 508 933 591 promtius
967 509 1152 574 exercebat.

100 588 253 676 lneque
272 594 415 677 primm
436 592 537 657 illecti
552 592 676 669 lacni:
689 614 769 677 gens
790 594 874 657 baud
890 596 968 659 ulius
983 597 1070 659 socia
1083 594 1153 659 Ro·

100 676 206 757 manis,
227 680 303 743 aria
323 676 492 743 Armeniae
514 680 701 744 incarnavit.
745 678 798 743 lta
819 682 949 745 consilio
962 680 1098 745 'tiridati
1119 682 1151 745 in

99 762 286 829 aunuum
301 764 491 829 vertebant:
513 765 725 849 mittebatque
747 771 900 839 oratores,
917 768 974 849 qui
994 788 1053 830 sno
1073 766 1152 829 Pur-

99 847 288 933 tborumque
303 850 434 914 nomine
448 850 709 935 expostularent3
726 860 805 915 'cur
820 852 903 915 datis
918 872 1021 937 nuper
1034 851 1154 915 obsidi-

97 934 164 1012 bas,
176 938 464 1021 redintegrataque
477 937 628 1013 amicitia,
644 958 717 1021 quar
732 938 822 1001 novis
839 957 970 1021 quoque
989 936 1153 1001 beneliciis

97 1018 195 1085 lucam
213 1022 369 1105 aperiret,
386 1030 496 1087 vetere
510 1022 673 1087 Armenias
692 1022 891 1107 possessione
909 1022 1150 1107 depelleretur?

98 1103 174 1171 ideo
203 1108 348 1171 nondum
379 1109 486 1191 ipsum
512 1108 695 1193 Vologesen
721 1118 927 1183 commotum,
954 1112 1031 1193 quia
1055 1128 1153 1173 causa

97 1210 189 1276 quan
204 1194 240 1257 ri
251 1214 351 1279 agere
363 1193 506 1259 mallent.
550 1194 610 1259 Sin
630 1202 828 1279 perstaretur
841 1196 874 1258 in
888 1195 991 1269 bello;
1014 1216 1076 1259 non
1094 1195 1149 1259 de-

95 1275 162 1341 l'ora
184 1276 355 1343 Arsacidis
381 1279 533 1344 virtutem
558 1282 796 1365 fortunamque,
823 1282 941 1365 soepius
965 1282 1032 1365 jam
1058 1280 1150 1347 clade

97 1360 243 1431 Romana
255 1366 447 1449 expertam?
477 1364 533 1429 Ad
547 1388 587 1430 ea
601 1365 754 1442 Corbulo,
771 1366 848 1431 satis
861 1379 1035 1450 comperto,
1051 1366 1149 1433 Volo·

96 1469 192 1533 gesen
206 1452 392 1516 delectione
405 1448 600 1535 Hyrcania!
612 1452 754 1531 attineri,
766 1451 881 1515 suadet
890 1452 1040 1530 Tiridati,
1056 1462 1150 1539 ‘pre-

94 1534 364 1601 uibus-Cesarem
382 1537 533 1621 adgredi:
556 1560 650 1622 possm
670 1537 717 1601 illi
737 1558 871 1621 regnum
892 1539 1018 1613 stabile,
1042 1548 1075 1603 et
1097 1560 1149 1603 res

95 1620 277 1687 incruentas
287 1623 486 1707 contingere,
497 1624 524 1687 si
534 1626 650 1689 omissa
660 1644 718 1707 spe
732 1623 907 1708 longinqua
920 1634 954 1687 et
968 1647 1051 1699 sera,
1065 1646 1150 1709 prm-

95 1718 215 1773 stutem
229 1708 453 1792 potioremque
467 1710 679 1795 sequeretur!

135 1792 191 1859 88.
217 1793 380 1858 Placitum
394 1794 521 1872 debinc,
537 1804 546 1831 ⁸
560 1796 637 1879 quia
650 1793 902 1859 commeantibus
916 1796 1052 1859 invicem
1066 1816 1148 1861 nun·

97 1878 159 1955 tiis,
170 1876 254 1945 nihil
267 1881 301 1944 in
314 1901 469 1945 summam
484 1882 571 1965 pacis
586 1880 823 1965 proiciebatur,
836 1880 993 1965 colloquio
1008 1882 1149 1965 ipsorum

96 1974 223 2051 tenpus
247 1966 420 2049 locumque
443 1966 608 2031 destinari.
654 1965 747 2031 Mille
771 1966 917 2049 equitnm
945 1968 1149 2052 praesidium’

95 2048 257 2117 Tiridates
281 2053 406 2116 ‘affore
426 2052 503 2116 sibi'
524 2053 670 2117 dicebat:
694 2056 878 2137 ‘quantum
897 2051 1071 2117 Corbuloni
1093 2076 1151 2117 cn·

92 2135 957 2308 ll'llls‘ttttdll‘lltlzlltlltl0thth
973 2140 1151 2287 lllt'tl·

424 2270 434 2302 r
731 2274 741 2302 s
936 2270 943 2287 ·
1136 2260 1152 2271 “

97 2330 160 2392 quc
186 2310 383 2383 mortalium,
409 2311 526 2375 nedum
551 2312 654 2375 veteri
677 2320 713 2374 et
736 2310 873 2396 provido
898 2310 983 2383 duci,
1009 2310 1150 2373 barbara

97 2396 224 2459 astutiae
250 2398 439 2479 patuissent.
486 2394 593 2461 ‘Ideo
613 2404 737 2461 arctum
761 2397 838 2460 inde
862 2415 1029 2458 numerum
1054 2394 1150 2473 liniri,

99 2490 130 2544 et
151 2481 227 2547 binc
250 2482 404 2567 majorem
426 2482 544 2559 otl'erri,
565 2498 603 2547 ut
621 2483 714 2547 dolus
733 2488 919 2566 pararetur:
943 2501 1017 2543 nam
1037 2480 1150 2563 equiti,

98 2568 286 2651 sagittarum
309 2589 370 2631 usn
393 2568 546 2644 exercito,
571 2569 598 2633 si
620 2570 750 2633 detecta
770 2588 904 2651 corpora
925 2566 1151 2651 objicerentur,

99 2652 174 2717 nibil
202 2654 403 2737 profuturam
429 2654 692 2719 multitudinem!
740 2652 947 2717 Dissimulate
973 2662 1079 2717 tamen
1104 2654 1152 2719 in·

98 2739 241 2815 tellecta,
267 2738 415 2803 ‘rectius
435 2739 477 2803 de
499 2740 559 2816 his,
583 2762 656 2824 quae
670 2740 703 2803 in
720 2740 883 2823 publicum
899 2739 1151 2819 consulerentur,

99 2826 172 2889 totis
195 2826 394 2889 exercitibus
415 2846 522 2889 coram
549 2826 794 2891 dissertaturos'
817 2826 1001 2908 respondit:
1031 2824 1152 2890 locum·

99 2932 161 2993 qne
181 2910 316 2995 delegit,
334 2911 427 2994 cujus
448 2932 522 2993 pars
544 2911 646 2975 altera
669 2911 765 2975 colles
788 2918 880 2975 erant
901 2911 1075 2974 clementer
1096 2912 1153 2977 ad·

99 3007 275 3082 surgentes,
291 2997 484 3081 accipiendis
498 2998 642 3081 peditum
657 2998 838 3071 ordinibus;
854 3018 927 3079 pars
940 2997 973 3059 in
990 2996 1152 3081 planitiem

99 3084 333 3169 porrigebatur,
362 3084 405 3147 ad
434 3083 638 3167 explicandas
668 3084 814 3166 equitum
848 3091 977 3146 turmas.
1023 3083 1153 3167 Dieqne

98 3178 204 3251 puoto,
219 3171 307 3255 prior
323 3166 463 3232 Corbulo
485 3170 586 3233 socias
609 3168 754 3232 cobortes
768 3176 803 3231 et
819 3168 939 3231 auxilia
960 3188 1073 3251 regum
1097 3191 1153 3255 pro

54 3254 58 3263 ’
98 3255 256 3331 cornibus,
284 3254 390 3317 medio
416 3262 541 3319 sextam
572 3255 729 3340 legionem
755 3254 939 3329 constituit;
970 3256 1023 3318 cui
1049 3256 1154 3319 accita

98 3349 301 3423 pernoctem
324 3340 395 3405 aliis
414 3362 459 3405 ex
481 3342 605 3417 castris,
626 3341 688 3405 tria
709 3339 808 3405 millia
830 3340 1060 3404 tertianorum'
1082 3360 1156 3425 per-

129 3591 247 3655 tlslcbi]
269 3592 294 3640 A
305 3591 393 3655 people
406 3591 544 3639 mentioned
555 3591 613 3655 only
644 3589 695 3638 into
707 3591 748 3639 the
757 3586 833 3639 Black
845 3590 892 3641 Sea
902 3592 1028 3639 eastaard.

99 3656 246 3723 balacims.
279 3656 352 3723 'I'laey
363 3671 429 3704 seem
440 3664 465 3704 to
476 3659 536 3704 bare
548 3656 613 3703 lived
675 3664 691 3697 1¹
721 3656 863 3720 Hyrcania]
916 3658 1082 3706 Mcznuderon
1108 3654 1156 3703 and

99 3722 207 3770 between
233 3724 276 3769 tlte
299 3730 400 3768 western
427 3721 474 3767 and
498 3722 613 3767 northern
648 3722 748 3769 Corcon.

100 3786 245 3837 boundarics
265 3784 293 3833 ol
313 3784 436 3833 Armenia.
470 3784 509 3848 By
529 3784 612 3848 Pliny,
676 3785 805 3835 sFuciens
817 3784 896 3847 pacis]
921 3782 1159 3837 Peuce,butnotcl

102 3851 133 3905 vi,
154 3856 181 3915 d,
201 3850 223 3898 is
244 3848 383 3898 mentioued
406 3848 449 3896 the
470 3848 535 3897 river
556 3848 614 3905 Isia,
645 3864 704 3897 war.

102 3916 201 3965 whence
218 3916 326 3978 perhaps
339 3915 381 3961 the
395 3928 466 3961 name
479 3912 506 3959 oi
518 3915 559 3961 the
570 3928 613 3960 na·
678 3921 689 3946 Υ
708 3912 886 3977 Tertianarum]
919 3910 954 3960 ol
974 3908 1017 3957 rh·
1036 3906 1100 3957 third
1121 3910 1158 3961 ls-

102 3980 162 4029 ticn.
194 3980 248 4028 The
266 3979 325 4043 leis,
340 3994 394 4027 now
413 3976 530 4043 morule,
546 3978 616 4029 down
647 3977 713 4042 gion.
