2512 4372
45 202 205 285 araba]
270 222 272 227 ·
365 215 635 272 ursroaranuu
661 217 736 266 nra.
756 216 795 265 11.
982 257 984 260 .
1044 202 1113 269 299

49 341 235 408 ‘interesse
260 358 375 423 pugnae
399 341 638 422 Imperatorem,
665 361 705 401 an
730 336 839 421 seponi
865 337 980 403 melius
1006 339 1117 415 soret*

49 428 261 492 dubitavere.
306 422 455 488 Paulliuo
476 434 510 487 et
534 423 629 488 Celso
641 423 708 506 jam
725 446 786 487 uon
804 424 1054 502 adversantibus,
1071 435 1115 490 ue'

51 513 243 598 Principem
259 511 419 596 objectare
436 511 587 595 periculis
614 512 812 585 viderentur,
835 510 931 574 iidem
953 512 1001 575 illi
1022 513 1114 578 debe·

51 600 153 685 riuris.
173 598 296 663 consilii
316 606 463 662 auctores
485 598 674 681 perpulere,
693 605 752 660 ‘ut
776 595 981 660 Brixellums
998 617 1114 664 conee-

54 687 162 762 deret,
180 708 228 759 ac,
245 684 349 748 dubiis
365 685 544 767 praeliorum
561 694 718 756 exemtus,
734 704 865 746 summae
883 704 989 748 rerum
1006 695 1039 749 et
1054 687 1120 755 im<

54 774 141 859 perii
182 773 322 854 seipsum
361 770 560 835 reservaret!
604 769 639 834 Is
668 770 791 852 primus
819 771 887 834 dies
913 769 1112 838 Othonianas

54 868 169 946 partes
184 858 328 923 addixit:
351 879 490 940 namque
511 866 545 921 et
568 877 642 920 cum
667 857 736 940 ipso
758 856 1115 939 praetoriarum-cobor-

55 948 143 1017 tium
157 954 191 1009 et
205 944 440 1027 speculatorum
457 944 671 1027 equitumque
694 943 799 1006 valida
813 965 926 1007 manus
956 946 1114 1021 discessit,

56 1030 340 1109 etremauentium
363 1030 483 1094 fractus
514 1030 659 1094 animus:
682 1031 810 1112 quaudo
830 1033 972 1113 suspecti
994 1033 1113 1108 duces,

56 1115 209 1194 etOtbo,
226 1119 279 1181 cui
294 1115 349 1181 uni
364 1117 448 1200 apud
465 1116 599 1181 militem
615 1115 705 1190 fides,
729 1117 805 1179 dum
827 1125 860 1180 et
882 1118 950 1200 ipse
971 1139 1034 1181 non
1055 1119 1116 1182 nisi

56 1205 216 1282 militibus
231 1204 344 1277 credit,
361 1202 495 1287 imperia
510 1204 628 1266 ducum
645 1203 676 1266 in
688 1203 835 1266 incertos
856 1203 1041 1288 reliquerat.

74 1291 159 1369 ‚34
182 1289 275 1355 Nibil
309 1311 419 1353 eorum
457 1287 647 1353 Vitellianos
683 1289 825 1365 fallebat,
856 1292 984 1366 crebris,
1016 1301 1053 1355 ut
1082 1291 1117 1356 in
1222 1316 1226 1322 ·

57 1377 151 1445 civili
186 1377 280 1453 bello,
313 1376 519 1460 transfugiis:
559 1386 593 1439 et
622 1376 849 1460 exploratores,
881 1400 959 1443 eura
989 1379 1116 1442 diversa

57 1464 257 1543 sciscitandi,
275 1485 333 1532 sua
356 1484 418 1530 non
441 1462 654 1526 occultabant.
701 1461 814 1541 Quieti
836 1463 1017 1549 intentique
1042 1465 1114 1530 Cae*

59 1551 137 1621 eiua
156 1573 194 1615 ac
219 1548 351 1624 Valens,
374 1551 501 1634 quando
529 1548 627 1612 hostis
652 1547 867 1631 imprudentia
892 1562 1013 1626 rueret,
1030 1554 1116 1635 quod

59 1641 134 1705 loco
156 1637 321 1723 sapientiae
343 1646 404 1711 est,
430 1636 566 1700 alienam
591 1634 761 1699 stultitiam
786 1636 1041 1718 opperiebantur,
1069 1641 1117 1703 in·

60 1726 178 1797 aboato
189 1733 286 1808 ponte
297 1723 465 1788 transitum
477 1722 560 1786 Padi
570 1721 754 1785 simulantes
770 1723 923 1787 adversus
940 1726 1117 1807 oppositam

60 1811 278 1896 gladiatorum
304 1809 459 1884 manum,l
487 1831 523 1873 ac
548 1829 588 1872 ne
614 1809 754 1892 ipsorum
778 1809 869 1873 miles
894 1830 992 1894 segne
1015 1811 1116 1876 otium

61 1908 196 1979 tereret.
243 1895 365 1971 Nares,
394 1895 463 1980 pari
491 1896 575 1960 inter
603 1917 637 1958 se
667 1895 780 1978 spatio,
813 1897 925 1960 validis
956 1898 1117 1983 utrimque

61 1984 208 2055 trabibus
223 2004 387 2056 connexa,
405 1983 574 2046 adversum
590 1983 622 2043 in
640 1983 757 2045 flumen
779 1983 1006 2067 dirigebantur,
1019 1985 1117 2070 jactis

61 2093 162 2159 super
190 2070 325 2151 ancoris,
348 2092 421 2153 quae
450 2067 632 2136 firmi-tatem
662 2069 767 2152 pontis
796 2071 1017 2135 continerent.¹
1051 2073 1118 2137 Sed

62 2178 252 2225 ancorarum
282 2157 377 2227 funes
405 2176 468 2221 nun
498 2156 623 2221 extenti
646 2156 825 2231 fluitabant,
853 2168 901 2232 ut,
922 2169 1119 2242 augescente

61 2245 207 2320 flumine,
227 2242 403 2306 inoffensus
424 2243 500 2306 ordo
530 2242 658 2306 navium
681 2242 891 2308 attollere-tur.
938 2243 1121 2310 Claudebat

61 2340 195 2416 pontem
224 2329 372 2415 imposita
401 2329 497 2392 turris
525 2337 560 2392 et
581 2329 615 2405 in
636 2339 817 2393 extremam
840 2353 957 2394 nauem
983 2333 1118 2396 educta:

62 2419 152 2493 uude
168 2417 333 2481 tormentis
349 2438 386 2480 ac
401 2415 554 2486 machinis
570 2415 677 2479 hostes
691 2417 963 2499 propulsarentur.

67 2580 69 2583 ¹
108 2502 164 2571 35.
190 2502 365 2567 Othoniani
394 2503 427 2567 in
456 2503 524 2585 ripa
555 2501 667 2565 turrim
697 2511 895 2578 struxerant,
917 2525 1061 2589 saxaque
1086 2513 1120 2568 et

61 2592 154 2663 faces
165 2589 402 2675 jaculabantur.
447 2587 491 2652 Et
505 2603 575 2652 erat
593 2588 699 2652 insula
725 2610 818 2658 amne
840 2591 955 2671 medio,
971 2592 1003 2654 iu
1022 2613 1118 2675 quam

62 2678 260 2762 gladiatores
289 2677 424 2741 navibus
452 2675 629 2750 molientes,
655 2673 809 2740 Germani
834 2678 939 2741 nando
967 2679 1119 2760 praelabe-

65 2767 206 2831 bautur:
236 2785 273 2827 ao
288 2763 372 2826 forte
388 2762 493 2845 plures
509 2775 732 2845 transgressos,
754 2763 919 2846 completis
943 2764 1118 2843 liburnicis,

65 2873 127 2936 per
154 2850 381 2935 promtissimus
414 2848 627 2932 gladiatorum
669 2847 781 2913 Macer
807 2851 1023 2932 adgreditur:
1064 2851 1121 2914 sed

65 2959 176 3023 neque
206 2959 245 3000 ea
274 2935 452 3000 constantia
478 2934 707 3019 gladiatoribus
731 2937 771 2999 ad
797 2934 918 3018 praelia,
944 2960 1016 3019 quae
1040 2937 1121 3001 mili·

63 3026 176 3101 tibus:
197 3045 255 3088 uec
269 3024 399 3108 perinde
415 3030 565 3089 nutantes
579 3043 598 3084 e
613 3021 757 3101 navibus,
775 3043 870 3105 quam
890 3024 996 3086 stabili
1018 3025 1121 3108 gradu

61 3133 88 3176 e
111 3110 194 3195 ripa,
210 3109 346 3177 uulnera
368 3108 569 3192 dirigebant:
591 3118 636 3182 et,
663 3130 736 3171 oum
761 3108 856 3173 variis
892 3110 1122 3193 trepidantium

66 3195 336 3272 inclinationibus,
366 3195 461 3260 mixti
492 3194 630 3278 remiges
665 3206 985 3279 propugnatoresque
1015 3200 1125 3263 turba·

64 3293 192 3358 rentur,
209 3283 336 3348 desilire
358 3282 392 3346 in
416 3282 499 3345 vada
521 3282 605 3345 ultro
629 3280 795 3356 Germani,
812 3290 972 3357 retentare
987 3306 1123 3370 puppes,

64 3371 225 3442 scandere
252 3366 360 3445 soros,⁸'
375 3442 377 3446 ¹
391 3378 448 3439 aut
476 3368 618 3433 corninus
643 3389 810 3448 mergere:
844 3391 916 3452 quae
941 3383 1066 3446 orrncta,
1091 3373 1124 3436 in

68 3457 173 3523 oculis
206 3456 375 3541 utriusque
411 3456 584 3529 exercitus,
615 3462 737 3538 quanto
773 3454 898 3520 laetiora
928 3456 1123 3535 Vitellianis,

98 3609 281 3673 suanum]
317 3609 382 3658 Nou
403 3609 520 3665 Bresello,
555 3607 582 3656 ia
614 3607 681 3654 there
698 3621 748 3655 was
764 3622 796 3656 no
814 3609 911 3674 general
930 3617 955 3659 to
974 3612 1052 3660 ebora
1070 3611 1127 3675 they

70 3676 178 3738 Reggr'o.
613 3672 695 3720 *would
706 3673 805 3722 submit.

102 3750 117 3785 s
134 3741 166 3790 In
177 3739 280 3803 inserto]
303 3736 341 3787 As
357 3739 397 3786 tbe
414 3737 507 3787 officere
520 3752 583 3786 were
648 3735 662 3770 b
680 3738 753 3787 Gna
764 3740 870 3804 taurum]
893 3739 939 3787 We
955 3753 1005 3786 saw
1018 3739 1043 3787 in
1055 3738 1089 3789 H·
1100 3737 1129 3798 ii,

71 3805 201 3870 srrspected
218 3805 249 3870 by
266 3805 310 3852 the
326 3803 437 3865 soldiers,
453 3805 500 3852 aud
511 3803 584 3851 'Otho
618 3806 657 3851 ll.
669 3803 712 3850 the
724 3803 867 3868 disgracelul
875 3802 1003 3867 expedient
1010 3803 1036 3850 in
1045 3803 1130 3853 Otbo’s

70 3887 125 3920 was
142 3872 235 3926 absent,
246 3871 273 3918 iu
289 3870 366 3918 ubour
383 3869 453 3916 alone
468 3871 526 3932 :bey
536 3869 586 3916 trud
619 3882 696 3932 army,
706 3871 748 3916 tbe
759 3871 924 3934 employment
935 3868 961 3915 of
973 3870 1038 3918 2000
1053 3867 1129 3933 gladi·

72 3937 223 3992 confideuce,
249 3934 297 3982 sud
318 3934 372 3982 ubo
393 3934 418 3980 in
440 3940 519 3982 return
540 3933 587 3980 uad
619 3942 692 3981 ators.

72 4001 215 4053 confidendo
229 3999 256 4048 in
270 4000 336 4050 meru
347 3997 396 4050 und
405 3999 430 4061 iu
440 4000 508 4048 tbern
519 3999 588 4064 only,
653 3996 662 4030 ¹'
679 3996 766 4060 Feros]
783 3995 893 4045 Boni-ded
906 3994 995 4044 Otbo’s
1005 3996 1071 4046 fleet.
