2512 4372
56 213 122 263 no.
138 197 210 281 69.]
376 213 645 290 nrsnonrsausr
669 215 745 267 crs.
769 216 794 266 1.
1047 174 1126 268 269³

58 332 234 400 Moesiam‘
247 337 451 420 inruperant:
467 358 581 400 novem
597 335 696 399 millia
710 334 868 419 equitum,
883 354 927 398 ex
941 331 1062 399 ferocia
1072 344 1119 406 et,

57 442 208 485 successu
219 425 338 506 praedae
353 424 455 507 magis
476 445 572 506 quam
588 443 705 508 pugnae
720 424 852 486 intenta.
885 420 993 506 Igitur
1007 443 1115 506 vagos.

57 516 92 570 et
115 507 292 574 incuriosos
317 510 412 574 tertia
431 511 549 594 legio!
570 508 731 592 adjunctis
752 507 895 587 auxiliis,
910 517 1042 591 repente
1056 509 1108 572 in·

58 593 161 659 vasit:
191 596 277 679 apud
304 597 467 660 Romanos
484 595 591 660 omnia
613 593 723 678 praelio
741 603 835 678 apta:
867 593 1034 669 Sarmatae,
1057 595 1119 659 di·-

58 681 161 764 sperai
186 682 336 766 cupidine
359 684 486 767 praedae,
510 690 567 746 aut
590 702 705 766 graves
729 702 826 744 onere
847 681 1052 755 sarcinarum,
1071 691 1119 761 et,

58 766 183 831 lubrico
197 769 348 833 itinerum
367 771 495 832 ademta
514 788 667 852 equorum
685 767 884 850 pernicitate,
901 767 992 831 velut
1006 768 1106 832 vincti
1120 828 1123 835 .

59 854 287 919 caedebantur:
316 877 455 939 namque
478 854 594 918 mirum
619 855 719 927 dictu,
736 862 773 916 ut
795 853 838 917 sit
855 853 956 917 omnis
977 851 1107 918 Sarma·

58 949 166 1027 tarum
182 941 285 1006 virtus
302 943 390 1006 velut
404 951 499 1007 extra
515 942 600 1024 ipsos
611 951 642 1004 ε’
662 940 741 1004 nihil
763 941 804 1004 ad
821 940 1001 1024 pedestrem
1023 961 1121 1026 pugs

58 1048 134 1090 narn
163 1036 229 1091 tam
252 1030 424 1112 ignavum:
462 1028 519 1092 ubi
541 1048 598 1111 per
623 1033 743 1091 turmas
766 1028 936 1100 advenere,
962 1027 1017 1091 vix
1040 1027 1108 1092 ulla

58 1114 148 1181 acies
173 1115 367 1179 obstiterit·
412 1114 478 1178 Sed
500 1124 570 1179 tum
592 1113 722 1177 humido
750 1113 804 1176 die
833 1121 867 1176 et
890 1113 995 1177 soluto
1018 1106 1105 1197 gelu,

60 1218 165 1283 neque
180 1200 299 1276 conti,⁸
323 1223 429 1286 neque
444 1201 554 1285 gladii,
570 1222 651 1284 quos
664 1199 843 1284 praelongos
856 1208 995 1284 utraque
1009 1201 1114 1264 manu*

60 1296 190 1370 regunt,
222 1288 305 1361 usui,
327 1289 523 1373 lapsantibus
544 1288 635 1372 equis
654 1298 689 1350 et
707 1286 1016 1369 cataphractarum‘·
1028 1307 1111 1371 pon·

61 1372 149 1436 dere.
197 1371 237 1437 Id
257 1375 449 1459 principibus
472 1383 506 1437 et
524 1373 719 1439 nobilissimo
740 1373 859 1457 cuique
878 1380 1020 1457 tegmen,
1042 1373 1107 1438 ser·

61 1458 125 1522 reis
150 1459 271 1524 laminis
295 1471 365 1528 aut.
379 1463 526 1545 proeduro
552 1460 637 1524 corio
662 1468 862 1534 consertum
894 1469 933 1523 ut
955 1462 1108 1525 adversus

59 1544 145 1609 ictus
160 1546 409 1630 impenetrabile,
424 1549 470 1611 ita
484 1547 605 1629 impetu
621 1544 759 1610 hostium
773 1545 950 1629 provolutis
968 1547 1109 1611 inhabile

60 1633 101 1696 ad
118 1635 368 1716 resurgendum:
392 1634 485 1698 simul
500 1633 670 1697 altitudine
684 1641 719 1695 et
732 1631 868 1696 mollitia
880 1633 961 1697 nivis
981 1633 1108 1697 haurie-

62 1719 189 1782 bantur.
236 1719 402 1785 Romanus
427 1719 518 1784 miles
543 1719 632 1783 facili
656 1718 753 1782 lorica
774 1727 810 1782 et
834 1718 945 1782 missili
967 1720 1032 1803 pilo
1051 1729 1110 1785 aut

61 1805 181 1869 lanceis
206 1807 380 1880 adsultans,
403 1807 456 1870 ubi
480 1828 530 1870 res
556 1813 711 1888 posceret,
736 1804 800 1868 levi
823 1804 930 1889 gladio
955 1805 1110 1872 inermem

62 1890 243 1957 Sarmatam
267 1897 387 1978 (neque
412 1892 496 1957 enim
522 1891 653 1956 defendi
674 1899 766 1956 scuto
788 1912 856 1955 mos
881 1895 945 1971 est)
967 1893 1110 1958 cominus

60 1978 224 2054 fodiebat3
247 1982 348 2044 donec
369 1980 474 2065 pauci,
492 1981 548 2064 qui
565 1979 674 2063 praelio
689 1978 923 2062 superfuerant,
940 1979 1111 2063 paludibus

61 2066 274 2130 abderentur:
306 2067 350 2130 ibi
379 2067 503 2130 saevitia
524 2065 637 2130 hiemis
659 2073 693 2128 et
717 2065 749 2128 vi
770 2065 937 2129 vulnerum
960 2065 1134 2133 absumti..

63 2150 240 2236 Postquam
255 2153 287 2216 id
306 2154 419 2217 Romae
435 2161 644 2236 compertum,
658 2150 875 2235 M.-Aponius,
893 2150 1044 2215 Moesiam
1054 2153 1112 2217 ob·

62 2238 178 2313 tineos,
203 2240 388 2324 triumphali
414 2239 554 2314 statua,‘
575 2238 709 2303 Fulvius
731 2236 883 2301 Aurelius
905 2247 938 2301 et
961 2236 1112 2303 Julianus

60 2323 194 2389 'l'ertius
218 2348 255 2389 ac
281 2325 448 2390 Numisius
469 2325 593 2411 Lupus,
610 2325 708 2408 legati
723 2324 916 2408 legionum,⁴
939 2325 1112 2390 consulari-

62 2411 123 2474 bus
138 2410 353 2477 ornamentiss
371 2413 546 2477 donantur:
570 2412 643 2476 laeto
658 2409 799 2486 Othone,
822 2418 856 2475 et
877 2410 1009 2498 gloriam
1030 2411 1064 2475 in
1078 2432 1135 2477 se,

63 2497 244 2574 trahentes
267 2507 449 2583 ‘tamquam
471 2509 505 2563 et
524 2499 592 2583 ipse
613 2497 694 2562 felix
719 2497 813 2576 bello,
832 2505 867 2562 et
892 2498 957 2562 suis
977 2498 1113 2562 ducibus

62 2585 195 2670 suisque
209 2586 406 2650 exercitibus
421 2586 648 2671 rempublicam
663 2581 827 2649 auxisset!

93 2770 110 2795 ⁸
121 2763 244 2827 Mariam]
261 2762 325 2810 Now
334 2762 574 2825 Burgaraandsa-
605 2765 649 2812 72.
1110 2780 1115 2788 ·

62 2829 114 2882 cic.
147 2827 235 2876 Moesia
259 2827 381 2875 extended
402 2827 462 2875 from
483 2828 574 2877 'l'aum-
638 2822 792 2890 ‘Lag-lem]
814 2825 1113 2894 Comnronlythcrcwem

63 2907 196 2946 uunnucw
206 2894 305 2952 Semlia,
317 2901 341 2940 to
352 2893 394 2939 the
404 2892 506 2957 Pontus,
519 2908 574 2941 now
605 2892 663 2956 only
685 2901 730 2940 two
754 2891 845 2954 legions
866 2893 891 2940 in
915 2893 1009 2948 Moesia,
1030 2909 1057 2942 aa
1077 2906 1114 2944 tre

65 2959 107 3007 the
119 2959 198 3007 Bloch
208 2958 263 3007 Sec.
280 2957 345 3006 Plin.
356 2957 390 3012 iii,
401 2961 441 3006 26.
607 2957 673 3005 leam
686 2958 745 3006 from
759 2956 791 3004 A.
803 2958 835 3013 iv,
846 2963 870 3005 ὅ.
887 2958 929 3005 hut
944 2968 970 3006 at
989 2959 1038 3007 thir
1055 2959 1115 3008 time

97 3031 112 3066 5
134 3023 215 3072 Tertia
226 3024 288 3085 legio
322 3022 410 3070 Which
423 3021 574 3070 ‘transierat'
607 3023 674 3070 there
690 3037 741 3070 was
755 3022 1118 3088 presentalsoathirdlegiom

63 3089 129 3138 nom
138 3088 210 3150 Syria
220 3089 270 3135 into
311 3087 382 3135 resia:
400 3087 433 3136 H.
443 3086 470 3143 ii,
481 3092 522 3137 u.
608 3087 635 3135 ol
649 3087 725 3136 ulrich
742 3087 847 3134 mention
862 3088 883 3135 ir
899 3088 970 3136 made
985 3091 1117 3157 presently.

99 3161 110 3186 ²
135 3154 218 3202 Extra
236 3154 310 3216 ipsos]
332 3152 418 3216 Finely
433 3150 575 3216 expressed':
609 3152 693 3200 Hence
703 3152 771 3199 there
783 3167 801 3196 w
818 3167 843 3199 re
853 3153 921 3201 three
940 3153 1031 3216 ‘legati
1040 3156 1116 3220 legio·
1141 3199 1144 3208 .

64 3218 102 3266 for
112 3217 175 3266 their
187 3218 251 3266 valor
261 3220 301 3282 lay
311 3217 336 3265 in
351 3216 414 3265 their
428 3217 510 3266 horsea
527 3218 574 3265 and
607 3215 688 3266 uum?
705 3167 938 3273 Fulviuszsurelius,
949 3218 976 3266 cl
982 3219 1024 3267 the
1034 3222 1096 3270 third
1108 3236 1115 3280 ;

64 3282 243 3332 coatsctmail.
607 3281 719 3330 Julianus
726 3281 847 3336 'l'ltiuaos
853 3283 892 3330 the
901 3285 1001 3332 seredth
1010 3301 1035 3334 or
1044 3286 1117 3336 Clau·

98 3356 112 3380 ⁶
131 3348 232 3412 obstin]
252 3348 283 3396 Sc
295 3347 355 3410 right
366 3353 391 3393 to
402 3345 449 3394 this
460 3344 516 3410 day,
527 3343 575 3394 aad
607 3345 682 3404 dian3
702 3345 749 3394 and
766 3345 890 3396 Numisius
910 3348 1005 3413 Lupus,
1024 3352 1051 3400 ol
1074 3354 1117 3400 tha

65 3412 124 3460 with
141 3414 183 3461 the
194 3427 259 3461 same
268 3413 432 3476 impetuosity,
444 3412 483 3459 the
495 3412 575 3468 Peles,
608 3411 690 3474 eighth
701 3410 789 3474 legion.
1082 3424 1085 3427 ·

64 3493 81 3526 a
99 3477 231 3526 Sarmatian
250 3478 385 3543 pecple,as
405 3476 472 3525 lluet
486 3475 576 3542 rightly
635 3474 653 3518 s
668 3475 909 3543 Goaralurtbnrorn]
927 3478 1117 3540 SeeA.xii,2l.

62 3543 191 3592 observes.
639 3540 824 3604 clarence]
849 3542 933 3592 Itwas
948 3554 974 3593 at
993 3545 1041 3592 this
1057 3547 1117 3595 time

99 3605 111 3640 θ
129 3606 214 3669 contr]
230 3605 300 3672 Loug
314 3621 397 3672 sperne
411 3604 507 3656 headed
519 3603 576 3654 nith
608 3603 662 3653 that
672 3620 738 3654 some
750 3606 805 3668 gold
821 3607 867 3654 and
885 3609 957 3656 silrer
972 3610 1038 3657 coins
1054 3624 1119 3660 were

65 3672 130 3722 iron.
147 3671 179 3720 Α.
190 3673 222 3727 vi,
234 3676 275 3722 36.
609 3671 699 3731 shuck,
709 3686 739 3731 on
754 3673 837 3719 whose
853 3687 946 3720 reverse
961 3671 1044 3721 stands
1061 3673 1119 3723 Vic-

99 3741 112 3770 ‘
130 3738 259 3802 Catapotia]
282 3735 347 3784 Such
359 3735 407 3783 and
422 3734 519 3783 hearier
529 3733 579 3782 still
609 3741 673 3801 tory,
685 3735 782 3800 holding
794 3736 818 3782 ia
828 3736 873 3785 her
882 3738 946 3801 right
957 3752 972 3783 a
986 3753 1076 3798 crcwn,
1092 3739 1119 3788 in

64 3817 129 3850 were
147 3803 189 3851 the
207 3799 491 3867 crupellariimentioned
506 3798 575 3855 ind.
609 3800 652 3848 her
674 3801 719 3850 left
738 3816 768 3850 an
788 3800 851 3848 clive
871 3816 896 3848 or
912 3799 1013 3849 another
1028 3816 1119 3865 crown,
1145 3845 1147 3849 .

65 3868 246 3996 iii'dqhianrph
272 3928 343 3994 dut]
371 3929 418 3978 For
435 3929 477 3978 the
493 3929 566 3978 trium
609 3865 736 3980 320⁸th
765 3865 962 3944 mpemiPtion,
992 3879 1117 3935 mmm

64 3996 125 4062 phul
134 4002 224 4046 statues
239 3997 266 4044 in
282 3999 323 4045 the
337 3996 422 4054 fomur,
439 4009 479 4045 ree
490 3993 524 4046 Α.
535 4009 576 4053 xv,
