2512 4372
56 205 222 288 r'.;c.69.-]·
268 204 277 211 ''
372 217 809 270 utsroatnausr-ma-n.
1044 197 1122 269 '293
1175 229 1178 232 ·

57 343 200 407 Caecinae
227 342 313 406 haud
339 341 472 422 alienus,
496 340 591 426 quod
607 339 771 404 ordines?
788 341 820 403 in
846 336 1022 404 Germania
1036 340 1122 403 dux-

10 451 11 454 ’
55 439 141 492 erat.
1111 471 1114 475 -

102 515 157 579 23.
181 514 352 597 Spurinna,
369 521 530 596 comperto
556 513 669 576 itinere
693 511 842 589 hostium,
858 513 1019 577 defensam
1045 511 1121 574 Pla-

57 603 212 680 centiam,
244 622 382 685 quaeque
405 613 488 679 acta,
513 599 646 683 etquid
673 598 803 662 Caecina
823 611 959 682 pararet,
976 601 1121 662 Annium

60 686 194 751 Gallum
222 709 279 771 per
305 688 413 750 literas
438 688 543 750 docet.
591 683 706 753 Gallus
736 687 892 771 legionem
923 687 1056 769 primam
1087 686 1120 748 in

56 773 218 837 auxilium
243 774 418 837 Placentiae
441 773 591 856 ducebat,
617 773 739 836 diffisus
754 775 915 856 paucitate
930 772 1119 851 cohortium,

54 883 103 923 -ne
132 858 258 942 longius
283 860 441 924 obsidium
466 868 501 923 et
527 859 590 921 vim
616 857 801 922 Germanioi
824 858 983 923 exercitus
1004 876 1123 940 ‘parum

59 948 257 1009 tolerarent:
281 947 335 1010 ubi
361 947 486 1029 pulsum
514 945 832 1030 Caecinamtpergere
856 945 1045 1008 Cremonam
1071 965 1122 1006 ac-

57 1034 159 1116 cepit,
185 1054 271 1116 aegre
294 1033 464 1097 coercitam
479 1031 648 1115 legionem,
663 1041 698 1095 et
713 1033 877 1118 pugnandi
892 1033 1006 1095 ardore
1021 1052 1123 1112 usquc

58 1119 103 1183 ad
120 1119 316 1182 seditionem
340 1139 550 1204 progressam,
576 1117 748 1182 Bebriaoi’
768 1120 862 1183 sistit.
907 1117 999 1181 Inter
1020 1115 1122 1179 Vero-

59 1226 136 1268 nam
161 1205 415 1290 Cremonamque
441 1206 521 1269 situs
543 1214 593 1268 est
615 1207 714 1280 vicus,
739 1206 862 1270 duabus
880 1205 948 1288 jam
967 1203 1122 1268 Romanis

59 1292 228 1354 cladibus!
258 1301 353 1355 notus
382 1291 616 1375 infaustusque.
663 1291 782 1355 lisdem
811 1293 923 1356 diebus
952 1313 973 1356 a
1003 1289 1135 1352 Martio⁴

61 1377 178 1441 Macro
194 1378 277 1441 haud
293 1378 403 1463 procul
419 1377 577 1443 Cremona
591 1400 742 1461 prospere
758 1389 956 1463 pugnatum:
982 1397 1122 1459 namque

56 1473 207 1547 promtus
231 1467 329 1535 animi
355 1463 493 1528 Martius
516 1473 712 1527 transvectos
735 1466 873 1528 navibus
883 1465 1076 1549 gladiatores
1090 1465 1123 1526 in

58 1552 229 1614 adversam
254 1551 336 1614 Padi
356 1552 456 1634 ripam
475 1559 608 1632 repente
630 1551 757 1613 effudit·
800 1552 942 1615 Turbata
956 1551 1001 1614 ibi
1016 1549 1124 1613 Vitel-

56 1638 219 1701 lianorum
247 1638 378 1710 auxilia,
401 1646 445 1711 et,
471 1638 586 1699 ceteris
610 1637 800 1701 Cremonam
821 1638 1030 1722 fugientibus,
1048 1639 1124 1700 caesi

60 1724 122 1808 qui
154 1724 361 1787 restiterant:
392 1724 448 1786 sed
477 1744 640 1806 repressus
671 1723 865 1786 vincentium
892 1725 1040 1806 impetus,
1070 1745 1121 1801 ne,

61 1809 154 1873 novis
178 1811 326 1874 subsidiis
352 1809 479 1883 firmati,
507 1809 612 1873 hostes
636 1811 795 1873 fortunam
821 1810 924 1893 praelii
950 1819 1120 1872 mutarent.

62 1896 260 1979 Suspectum
284 1897 318 1960 id
344 1894 534 1960 Othonianis
560 1897 634 1975 fuit,
659 1898 765 1960 omnia
795 1916 1006 1980 quaecumque
1035 1895 1124 1958 facta

60 2004 162 2068 prave
185 1983 424 2047 aestimantibus.
470 1980 638 2060 Certatim,
656 1993 691 2046 ut
707 1984 844 2067 quisque
858 1983 962 2047 animo
977 1983 1124 2066 ignavus,

62 2091 184 2154 procax
207 2091 271 2142 ore,
288 2068 432 2132 Annium
457 2067 588 2132 Gallum
616 2078 651 2133 et
675 2070 865 2136 Suetonium
890 2069 1073 2133 Paullinum
1089 2080 1125 2131 et
1205 2109 1210 2117 ·

64 2154 208 2220 Marium
224 2155 354 2220 Celsum
378 2156 467 2238 (nam
482 2177 536 2219 eos
552 2155 641 2220 Otho
657 2179 786 2240 quoque
801 2155 1007 2240 praefecerat)
1028 2156 1124 2223 variis

61 2242 249 2306 criminibus
264 2242 472 2306 incessebant.
515 2243 683 2307 Acerrima
697 2243 887 2308 seditionum
904 2265 941 2306 ac
956 2242 1123 2305 discordia

62 2329 282 2404 incitamenta,
314 2329 536 2392 interfectores
569 2326 704 2393 Galba:
740 2330 860 2413 scelere
888 2340 922 2392 et
950 2338 1039 2392 metu
1069 2349 1124 2390 ve-

62 2416 187 2488 cordes,
204 2415 337 2478 miscere
351 2425 477 2493 cuncta,
495 2416 588 2480 modo
603 2415 707 2500 palam
723 2417 858 2480 turbidis
874 2416 1013 2489 vocibus,
1031 2414 1124 2478 modo

63 2501 199 2566 occultis
222 2503 263 2564 ad
291 2500 452 2565 Othonem
477 2502 598 2565 literis:
631 2503 688 2586 qui
712 2502 889 2567 humillimo
913 2503 1031 2586 cuique
1056 2522 1126 2564 cre*

64 2588 175 2664 dulus,
193 2588 289 2651 bon'os
304 2598 460 2662 metuens,
474 2589 654 2671 trepidabat
667 2615 675 2662 ς
691 2591 786 2653 rebus
799 2589 960 2673 prosperis
974 2591 1125 2659 incertus,

64 2686 100 2739 et
116 2675 198 2738 inter
212 2674 347 2737 adversa
358 2675 478 2738 melior.
504 2674 794 2759 IgiturTitianum,
808 2677 950 2750 fratrem,
969 2678 1126 2738 accitnm'

64 2760 151 2827 bello
180 2762 364 2843 praeposuit.
424 2760 557 2826 Interea
588 2761 733 2827 Paullini
761 2773 796 2827 et
826 2762 915 2827 Celsi
943 2763 1044 2826 ductu
1072 2759 1125 2824 res

64 2847 208 2932 egregiae
224 2855 334 2930 gestae.

111 2933 165 2998 24.
189 2935 363 3018 Augebaut
386 2931 560 3012 Caecinam,
583 2928 801 3020 nequidquam
815 2936 920 3000 omnia
934 2943 1070 3016 coepta,⁰
1092 2942 1126 2996 et

65 3041 235 3086 senescens
263 3019 425 3084 exercitus
454 3021 504 3085 sui
532 3023 638 3087 fama:
676 3025 786 3106 pulsus
808 3024 999 3095 Placentia,
1034 3024 1126 3087 caesis

68 3260 70 3266 ι
101 3236 114 3260 ⁰
132 3228 202 3284 Quod
212 3228 319 3292 ordines]
341 3226 366 3274 lt
385 3239 436 3275 was
456 3227 497 3274 the
516 3226 582 3274 basi·
614 3228 690 3284 Bina,
708 3228 789 3276 which
808 3243 893 3292 agrees
907 3229 1002 3279 neither
1013 3234 1070 3282 with
1082 3235 1124 3282 the

67 3308 127 3342 nass
146 3293 173 3340 of
190 3308 204 3340 a
221 3301 227 3322 ⁸
240 3290 406 3356 primipilaris'
422 3298 448 3339 to
460 3290 524 3340 head
541 3295 582 3340 the
614 3293 732 3342 narrative
743 3293 770 3341 of
777 3293 883 3348 Tacitus,
894 3311 937 3343 nor
949 3297 1004 3344 with
1014 3299 1057 3346 the
1069 3314 1126 3361 gao-

68 3359 144 3405 ranlss
160 3358 186 3405 in
202 3358 264 3405 their
278 3359 368 3406 march.
400 3357 446 3404 For
456 3359 498 3404 the
514 3359 582 3421 ‘pri-
615 3359 737 3420 graphioni
756 3359 819 3407 table
836 3359 914 3408 which
927 3360 1018 3427 Campo
1030 3365 1129 3412 himself

69 3422 220 3485 mipilares,’
237 3437 277 3471 see
289 3424 319 3469 Α.
329 3423 358 3482 ίῑ,
369 3425 408 3472 ll.
419 3437 457 3477 xv,
470 3426 509 3471 12.
614 3422 751 3487 published.

72 3514 75 3522 ν
104 3495 118 3519 ⁸
136 3488 260 3552 Bebriaci]
284 3488 337 3534 The
354 3487 395 3534 old
414 3487 533 3536 Scholiast
551 3499 583 3533 an
646 3487 1125 3551 vDuabus—cladibus]OfOtho'san'd

70 3551 176 3600 Juvenal
187 3568 253 3616 says,
271 3552 429 3600 'Bebriacum
439 3552 518 3601 mcum
529 3566 583 3600 esse
616 3550 750 3600 Vitellius’s
771 3553 867 3602 armies.
906 3558 952 3606 See
971 3557 1005 3607 H.
1026 3559 1063 3614 iii,
1084 3563 1126 3607 2⁰.

70 3633 87 3664 a
110 3616 229 3664 Cremona
249 3617 363 3666 vicesimo
384 3616 483 3680 lapide)
525 3616 583 3663 Clu·
615 3615 661 3664 dte.
672 3618 721 3665 also
732 3618 814 3683 Pliny,
825 3634 849 3682 x,
860 3625 901 3670 49.
1119 3616 1122 3620 Χ

72 3683 162 3740 vetius,
180 3681 236 3729 Ital.
256 3683 341 3743 Antiq.
355 3681 373 3742 i,
385 3687 425 3730 26.
437 3696 521 3744 proves
532 3682 585 3727 that
619 3714 621 3719 -
648 3688 660 3717 ³
677 3682 798 3740 Fratrem,
818 3687 933 3749 cocitum]
955 3685 1029 3739 Otho,
1049 3699 1076 3732 as
1094 3688 1124 3734 he

71 3747 123 3793 this
145 3748 213 3808 place
234 3747 289 3794 isa
310 3747 396 3808 village
423 3761 479 3793 now
505 3744 584 3792 called
616 3760 664 3792 aas
683 3748 756 3812 going
774 3759 801 3796 to
819 3760 857 3797 set
873 3752 909 3798 off
922 3750 1125 3814 lorhisjourney,

75 3814 175 3861 emto.
209 3811 339 3858 lwonder
356 3813 406 3857 that
418 3810 518 3872 Campo,
529 3812 585 3857 who
617 3812 663 3858 bad
679 3813 821 3861 committed
839 3815 879 3862 the
899 3829 951 3862 cate
969 3813 997 3860 of
1014 3816 1055 3861 the
1073 3815 1125 3879 city

72 3877 201 3940 portenae
211 3876 263 3924 aa
274 3875 585 3936 excertantwonffltaora
616 3876 665 3923 aaa
676 3876 717 3924 ae
732 3879 822 3940 empne
841 3889 865 3926 a
882 3880 920 3926 ras
937 3879 1032 3926 brother
1048 3871 1128 3929 rina

71 3942 99 3989 di
119 3942 247 3996 Cremona,
270 3941 356 3988 should
378 3941 437 3987 have
463 3941 583 4002 supposed
616 3955 675 3990 nus:
693 3939 802 3996 H.i,so.
871 3953 873 3957 ’
942 3951 945 3956 “
1053 3973 1055 3977 >

69 4007 216 4056 Bebriacum
227 4016 251 4054 to
264 4007 293 4054 be
304 4009 344 4054 the
355 4006 423 4070 placa
434 4016 491 4053 nutv
504 4003 585 4053 called
624 4015 663 4048 ¹-n
680 4006 775 4070 Capta]
787 4006 858 4055 Wsre
867 4006 902 4056 att
910 4004 1015 4056 hitherto
1025 4010 1129 4060 amin:
