2512 4372
59 173 117 223 uc.
133 160 202 244 bl]
387 173 593 223 sunsuruu
615 173 689 221 urs.
706 173 780 225 xn.
1068 159 1112 224 28

94 297 147 360 43.
172 295 281 360 Multa
302 316 342 360 eo
367 316 449 360 anuo
473 295 616 378 prodigia
639 290 801 357 evenere!
842 290 1004 358 Iuscssum
1029 294 1107 359 diris

58 384 163 447 avlhm
180 382 396 466 Capitolium:
420 381 538 445 crebris
553 389 648 444 terras
663 380 801 444 motibus
816 391 955 463 prorutas
972 381 1104 445 domus:

57 490 89 531 ac
112 470 190 533 dum
210 469 303 533 latius
318 469 484 545 metuitur,
501 467 712 550 trepidatione
728 466 829 550 vulgi,
844 466 1002 531 invalidus
1018 469 1105 551 quis-

57 577 115 639 que
130 557 253 621 obtriti.
291 553 440 639 Fruguns
455 575 583 638 quoque
597 563 734 636 egestas,
750 561 784 615 et
798 562 867 616 orta
882 574 924 617 ex
938 576 977 617 eo
992 553 1105 626 sames,

57 644 84 704 iu
100 643 281 728 prodigium
295 641 523 724 accipiebatur.
569 638 642 703 Nec
666 639 784 702 occulti
806 648 928 704 tantum
951 653 1106 724 questus;

58 728 108 792 sed
132 730 211 813 jura
239 729 427 793 reddentem
456 726 627 791 Claudium
656 728 888 790 circumvasere
916 726 1107 790 clamoribus

59 816 217 890 turbidis!
230 815 425 898 pulsumque
439 814 471 876 iu
485 823 661 876 extremam
676 812 737 875 sori
752 822 874 896 partem
892 813 923 875 vi
938 814 1106 895 urgebant,

59 903 151 966 dorsec
167 902 309 965 militum
326 900 422 984 gloho
436 900 574 965 intensos
589 899 744 982 perrupit.
774 897 968 977 Quindecim
984 900 1107 963 dierum

59 989 204 1053 alimenta
216 987 302 1052 Urbi
316 1008 378 1052 uon
393 987 528 1069 amplius
542 985 736 1069 superfuisse
750 986 911 1049 constitit:
929 1006 1108 1069 magnaque

61 1073 164 1140 Deum
193 1075 404 1162 benignitate,
430 1082 464 1136 et
493 1070 647 1137 modestia
676 1072 808 1155 hyemis,
832 1072 928 1136 rebus
954 1073 1108 1136 extremis

60 1162 260 1226 subventum.
307 1159 355 1224 At
378 1159 507 1224 hercule
521 1159 594 1223 olim
609 1180 652 1222 ex
667 1157 772 1222 ltaliae
787 1158 971 1243 regibnibus
985 1158 1108 1243 longin-

61 1269 136 1330 quas
158 1250 192 1312 in
216 1247 397 1332 provincias
417 1256 613 1311 commeatus
628 1245 817 1327 portabant:
840 1267 898 1309 nec
914 1267 996 1309 nuuc
1011 1246 1110 1309 infoe-

61 1331 244 1399 canditate*
275 1334 455 1406 laboratur;
484 1334 538 1396 sed
563 1331 707 1395 Africam
734 1333 839 1415 potius
868 1341 903 1395 et
928 1332 1108 1416 AEgyptum

61 1440 258 1496 exercemus,
287 1421 486 1504 navibusque
514 1429 547 1483 ct
576 1419 701 1482 casibus
732 1419 798 1483 rita
826 1419 936 1502 populi
971 1418 1111 1482 Romani

62 1509 212 1590 permissa
225 1516 287 1570 est.

97 1595 152 1658 tt.
179 1593 304 1657 Eodem
324 1614 408 1657 anno
430 1592 547 1656 bellum
569 1592 652 1654 inter
672 1589 841 1654 Armenios
861 1589 1034 1674 lherosque
1055 1615 1113 1655 ex-

50 1689 176 1765 (ortum,
194 1679 326 1744 Parthis
341 1700 470 1763 quoque
485 1700 521 1742 ac
539 1676 692 1741 Romanis
709 1677 964 1760 gravissimorum
981 1679 1064 1741 inter
1078 1703 1112 1742 se

64 1778 205 1831 motuum
225 1788 322 1831 causa
341 1767 416 1830 fuit.
463 1763 563 1828 Genti
580 1762 771 1827 Parthorum
788 1761 966 1846 Vologeses
985 1765 1112 1847 imperi-

64 1855 169 1928 tabat,‘'
181 1865 329 1918 materna
342 1852 466 1933 origine
481 1873 521 1915 ex
538 1850 651 1932 pellice
667 1848 793 1925 Groeca,
810 1872 960 1914 concessu
976 1850 1112 1916 fratrum

63 1960 193 2022 regnum
208 1941 355 2023 adeptus.
390 1937 501 2002 Iberos
517 1936 748 2002 Pharasmanes
763 1947 890 2002 vetusta
906 1938 1112 2020 possessione,

65 2027 231 2091 Armenios
246 2027 345 2091 irater
360 2026 431 2109 ejus
447 2023 652 2089 Mithridates
673 2024 836 2088 obtinebat
856 2025 968 2109 opibus
988 2029 1113 2090 nostris.

65 2111 142 2178 Erat
162 2112 372 2177 Pharasmani
392 2112 476 2175 filius
497 2111 623 2176 nomine
644 2108 882 2188 Rhadamistus,
902 2113 1017 2176 decora
1041 2135 1115 2194 pro-

64 2201 203 2273 ceritate.
217 2201 250 2262 vi
264 2200 403 2283 corporis
418 2198 560 2283 insignis,
573 2208 607 2263 et
621 2198 740 2281 patrias
755 2207 840 2261 artes
854 2198 997 2268 edoctus,
1014 2199 1113 2261 clara·
1204 2214 1208 2224 '

63 2288 222 2368 quainter
240 2287 364 2350 accolas
383 2286 479 2349 fama.
522 2283 557 2349 Is
581 2285 765 2347 ‘modicum
782 2284 897 2348 lheriae
912 2305 1047 2367 regnum
1064 2309 1114 2347 se-

65 2383 153 2436 necta
175 2374 274 2457 patris
294 2372 452 2444 detincri‚'
471 2370 608 2435 ferocius
628 2371 833 2452 crebriusque
844 2369 1000 2452 jactabat,
1017 2393 1113 2453 quarn

65 2469 99 2521 ut
126 2461 309 2544 cupidinem
338 2459 525 2523 occultaret.
571 2457 679 2541 Igitur
704 2456 936 2520 Pharasmanes
960 2455 1113 2539 juvenem

66 2547 211 2625 potentias
237 2542 396 2630 promtus!
419 2555 452 2607 et
475 2544 582 2608 studio
605 2542 806 2627 popularium
830 2543 1019 2618 accinctum,
1045 2568 1115 2609 ver-

65 2634 208 2713 gentibus
220 2634 288 2717 jam
305 2632 395 2697 anuis
411 2633 476 2696 suis
491 2641 648 2706 metuens,
664 2629 757 2691 aliam
775 2629 816 2692 ad
831 2651 919 2712 spem
932 2632 1069 2708 trahere,
1080 2644 1114 2697 et

67 2721 293 2784 ‘Armeniam'
313 2727 484 2795 ostentare,
506 2717 630 2800 ‘pulsis
655 2714 785 2779 Parthis
803 2717 910 2780 datam
928 2717 1113 2783 Mithridati

65 2809 215 2870 asemet’
240 2807 462 2870 memorando:
486 2806 541 2868 sed
562 2805 652 2867 ‘viru
673 2803 892 2880 differendam,
910 2814 943 2868 et
957 2808 1113 2888 potiorem

64 2892 180 2974 dolam,
212 2916 276 2978 quo
305 2895 467 2958 incautum
498 2890 733 2974 opprimerent!
787 2889 841 2954 lta
870 2891 1112 2966 Rhadamistus,

90 3052 105 3093 s
124 3054 242 3116 Prodigia
268 3051 376 3116 euenere]
417 3050 513 3097 Amidst
543 3065 570 3096 so
603 3047 768 3096 commentus?

65 3133 145 3183 many,
159 3133 205 3165 ons
219 3118 347 3181 happened
366 3115 466 3163 omitted
481 3115 571 3175 hyl's-
633 3112 648 3145 ⁴¹
674 3114 967 3179 Nec-insoecunditute]
1001 3117 1050 3165 But
1079 3120 1112 3183 by

63 3185 132 3240 citus,
143 3184 254 3230 hatthus
264 3181 345 3229 stated
355 3181 389 3245 by
406 3180 471 3228 Plin.
486 3180 512 3236 ii.
530 3184 570 3229 al.
604 3179 699 3243 luxury,
721 3179 798 3225 which
821 3179 920 3227 drained
943 3181 1005 3245 Italy
1029 3185 1056 3230 ol
1080 3184 1113 3231 its

66 3248 166 3296 ‘Prinos
183 3249 344 3296 solesnostra
360 3255 416 3293 atas
435 3245 496 3293 vidit
514 3246 571 3292 divo
604 3245 680 3297 villas,
706 3244 738 3291 its
766 3243 894 3305 portiones,
918 3245 950 3293 its
977 3249 1061 3308 ponda,
1082 3252 1115 3297 its
1155 3262 1159 3271 ·

65 3312 165 3360 Claudio
175 3313 298 3375 Principe,
310 3312 433 3360 consulatu
443 3311 503 3374 ejus,
513 3309 571 3356 Cor·
604 3309 690 3367 baths;
707 3309 752 3356 and
764 3309 796 3372 by
808 3310 849 3355 the
861 3310 930 3372 plens
941 3311 967 3359 ot'
981 3314 1114 3377 Augustus,

65 3380 126 3426 uslio
139 3378 244 3440 Orphito
255 3376 364 3440 collegs.'
392 3377 438 3424 See
449 3377 500 3423 also
513 3375 571 3430 Dio,
605 3374 658 3421 who
665 3373 710 3420 had
719 3374 810 3422 chosen
820 3375 910 3432 nates,
921 3378 966 3423 aud
978 3378 1113 3442 especially

63 3445 94 3499 lx,
107 3460 130 3505 p.
140 3448 197 3493 687.
606 3438 696 3502 Egypt,
708 3450 732 3486 to
749 3439 847 3500 provide
865 3441 905 3488 the
916 3441 964 3505 city
975 3444 1033 3489 with
1045 3461 1113 3490 corn.

94 3518 108 3550 ¹
125 3508 276 3558 cumulus
286 3504 399 3566 turbidis]
410 3505 474 3553 Suet.
485 3506 572 3553 Claud.
604 3504 650 3552 See
662 3504 726 3552 Suet.
739 3503 853 3565 Aug-18.

66 3579 110 3621 18:
131 3573 262 3622 ‘Arctiore
273 3580 352 3619 autern
364 3586 457 3618 unisona
468 3571 499 3617 oh
515 3570 573 3616 assi·
636 3567 644 3600 ¹
667 3570 791 3631 Vologeses
807 3571 971 3633 imperitabat]
995 3571 1029 3620 Ol
1040 3573 1113 3620 l'olo-

64 3635 515 3698 onusuffliutesdetentusqaondam
523 3650 573 3682 me·
605 3650 675 3698 geues
687 3651 720 3682 ue
739 3636 800 3682 hare
812 3634 909 3698 already
924 3637 1015 3698 spoken
1031 3638 1057 3684 in
1074 3641 1113 3684 cli.

64 3703 103 3749 dio
114 3705 165 3751 loro
175 3719 188 3749 a
200 3706 280 3762 turha,
291 3702 454 3762 conviciisque
466 3716 493 3747 sc
503 3700 571 3747 simul
606 3704 645 3749 14.
675 3700 702 3747 oi
716 3700 888 3748 Pharasmanes
900 3703 948 3748 and
960 3701 1114 3751 Mithridates

63 3769 216 3832 fragminibus
228 3768 296 3830 panis
305 3766 470 3825 asinanum,
479 3774 573 3828 utaegre
605 3766 630 3813 in
642 3765 674 3811 A.
689 3765 721 3820 xi,
734 3769 756 3812 8.

64 3850 107 3881 nac
124 3835 169 3880 nisi
187 3835 282 3898 postico
297 3833 398 3878 evadere
415 3832 439 3877 in
455 3830 573 3877 Palatium
638 3828 789 3879 lPotentia
803 3827 915 3892 promta]
939 3829 1114 3890 Viungsss.

64 3899 182 3954 veluerit3
201 3899 259 3945 nihil
271 3912 319 3943 uon
331 3896 477 3959 excogitavit
491 3898 519 3942 ad
537 3895 573 3942 in·
606 3894 722 3942 ‘Proruta
738 3904 818 3942 tamon
835 3894 943 3942 omnihus
959 3907 1032 3945 arms,
1050 3909 1077 3940 ac
1094 3895 1115 3941 si

63 3965 183 4013 vehendos
205 3966 277 4028 etiam
301 3963 326 4008 in
349 3970 454 4025 tempore
475 3961 574 4009 hiberno
604 3975 645 4013 res
655 3969 748 4024 poscat,
758 3958 895 4008 exercitus!
