2512 4372
95 193 163 242 nc.
178 177 251 259 os]
402 191 613 242 aunenruu
638 192 714 241 nrs.
738 189 824 242 xrv.
909 232 912 240 ,
1092 174 1158 245 los

141 312 197 378 16.
224 310 278 376 Ne
293 321 399 378 tameo
416 311 547 376 ludicrae
563 320 689 376 tuntum
711 311 920 397 Imperatoris
943 319 1028 378 artes
1050 322 1158 380 notes·

97 409 224 474 cerent,
245 400 422 464 carminum
453 420 582 483 quoque
611 399 752 462 studium
782 400 956 475 affectavit,
984 403 1157 467 contractis

96 487 225 569 quibus·
254 486 363 570 aliqua
400 485 560 570 pangendi
596 485 745 550 facultas.
806 484 880 550 Nec
909 488 985 551 dum
1024 489 1156 575 insignis

97 573 209 637 oetatis
231 573 333 647 nstin
353 573 518 638 considere
540 571 646 646 simrd,
670 580 705 636 et
726 569 872 647 allatos,¹⁸
893 573 944 638 vel
967 575 1083 639 ibidem
1106 597 1160 642 re·.

96 668 210 742 pertos
239 680 352 724 sersus
381 669 589 733 connectere;
625 667 724 742 atque
751 657 852 742 ipsius
886 660 1010 735 verba„
1025 682 1155 746 quoquo

96 747 193 811 modo
225 747 359 830 prolata,
389 745 556 830 supplere:
593 747 680 828 quod
713 745 837 830 species
872 745 944 830 ipsa
979 749 1154 815 carminum

96 833 205 908 docet,
222 854 285 897 non
298 833 420 916 impetn
436 844 470 896 et
483 832 647 913 instinctu,
665 852 723 896 nec
739 852 793 896 ore
809 853 874 896 uno
889 834 1000 897 fluens.
1047 832 1155 900 Etiam

97 919 264 1003 sapienties
287 919 470 983 doctoribus
493 925 621 1001 tempus
637 919 846 1010 'impertiebat
866 928 940 1003 post
964 919 1086 1004 epulas,
1103 932 1155 986 ut·

98 1025 164 1089 qus
185 1006 344 1071 contraria
365 1006 641 1070 adseverantium·
670 1006 836 1070 discordias
858 1016 1065 1071 eruerentur:
1096 1029 1155 1072 nec

99 1092 246 1165 deerant,
263 1092 320 1176 qui
340 1088 569 1176 ore'uultuque
584 1091 694 1155 tristi*
715 1091 800 1156 inter
818 1092 1052 1158 oblectamenta
1066 1094 1157 1180 regia

52 1183 54 1187 ’
100 1179 241 1264 spectari
254 1187 421 1262 cuperent

142 1266 199 1331 17.
230 1265 301 1330 Sub
331 1266 416 1329 idem
443 1276 581 1349 tempus,
607 1263 670 1328 lesi
698 1264 901 1330 contentione
926 1274 1020 1330 atrox
1050 1268 1156 1333 caedes

98 1362 171 1417 orta
187 1352 273 1418 inter
296 1352 423 1416 colonos
445 1349 629 1415 Nucerinos
652 1348 953 1436 Pompeianosque,¹
965 1353 1156 1437 gladiatorio

100 1439 297 1522 spectaculo,
314 1440 399 1523 quod
421 1437 587 1503 Livineius
607 1437 767 1520 Regulus,
785 1459 882 1522 quem
905 1448 1025 1503 motum
1041 1450 1154 1506 senatu

99 1525 240 1600 retulist·
275 1526 412 1590 edebat:
446 1525 568 1609 quippe
595 1526 754 1609 oppidana
783 1524 914 1589 lascivis
942 1526 1077 1592 invicem
1106 1529 1156 1593 in·

99 1620 272 1687 cessentes,
289 1613 414 1695 probra,
430 1612 546 1675 deinde
568 1633 658 1688 saxa,
674 1621 833 1695 postremo
855 1610 975 1675 ferrum
1000 1635 1153 1694 sumsere,

100 1698 257 1763 validiore
287 1697 553 1781 Pompeianorum
585 1698 688 1782 plebe,
715 1697 801 1781 apud
831 1718 912 1781 quos
936 1702 1155 1782 spectaculum

100 1785 265 1849 edebatur.
312 1784 403 1870 Ergo
416 1785 571 1870 reportati
586 1794 660 1848 sunt
681 1784 714 1847 in
738 1781 861 1848 Urbem
883 1785 979 1849 multi
1000 1807 1019 1849 e
1043 1785 1154 1853 Nuce'·
1221 1797 1226 1805 ’

100 1873 177 1936 riuis
191 1879 308 1936 trunco
323 1893 380 1956 per
395 1873 525 1936 vulnera
539 1892 682 1956 corpore,
698 1892 737 1935 ac
757 1870 904 1957 plerique
925 1872 1094 1938 liberorum
1117 1896 1154 1941 ac

99 1967 269 2042 parentum
291 1966 408 2023 mortes
428 1959 606 2022 deflebant:
634 1958 727 2042 cujus
750 1959 798 2021 rei
815 1957 974 2042 judicium
999 1958 1154 2047 Princeps

101 2046 240 2125 senatui,
272 2053 402 2110 senatus
427 2045 616 2109 'consulibus
646 2045 811 2129 permisit;
847 2054 881 2110 et
910 2067 1019 2111 rursus
1048 2069 1083 2110 re
1113 2049 1153 2112 sd

99 2140 207 2214 putres
231 2130 341 2206 relatu,
357 2131 508 2216 prohibiti
531 2133 657 2216 publice
682 2132 849 2196 indecem
872 2154 969 2196 annos
996 2134 1154 2218 ejusmodi

100 2226 191 2282 coetu
216 2216 416 2302 Pompeiani,
432 2218 640 2302 collegiaque,
658 2240 732 2302 quaa
760 2226 871 2282 contra
897 2218 984 2302 leges
1005 2220 1153 2284 institue·

100 2313 182 2380 rant,
199 2304 365 2369 dissolute.
412 2304 591 2383 Livineius,
606 2315 641 2370 et
663 2306 719 2390 qui
734 2305 788 2368 alii
804 2304 992 2368 seditionem
1008 2307 1154 2371 concive·

102 2401 186 2465 rant,
203 2392 302 2455 exilio
316 2392 444 2457 multati
460 2403 545 2457 sunt.

142 2476 197 2542 18.
224 2476 335 2542 Motus
371 2487 506 2543 senatu'¹
541 2487 576 2543 et
604 2476 725 2542 Pedius
760 2473 899 2550 Blaesus,
929 2478 1154 2546 accusantibus

103 2563 369 2650 Cyrenensibus,⁰
403 2567 577 2630 ‘violatum
607 2567 648 2628 ab
674 2585 713 2627 eo
743 2563 930 2628 thesaurum
959 2564 1151 2650 AEsculapii,

99 2652 325 2736 delectumque
350 2651 521 2716 militarem
549 2652 654 2736 pretio
683 2659 718 2713 et
745 2650 916 2714 ambitione
946 2656 1153 2737 corruptum!

102 2736 205 2801 Iidem
238 2736 438 2824 Cyrenenses
473 2759 564 2804 reum
600 2738 738 2823 agebant
771 2737 912 2802 Acilium
949 2736 1152 2816 Strabonem,

102 2823 253 2906 praetoria
279 2833 440 2910 potestate
468 2837 598 2902 usum,l
633 2833 667 2888 et
695 2825 826 2888 missum
856 2825 1102 2910 disceptatorem
1133 2850 1153 2892 a

100 2984 124 3022 to
140 2975 212 3024 those
231 2973 309 3025 clthe
326 2975 396 3039 gods,
413 2975 610 3040 megarensem
674 2971 686 3006 l
705 2974 795 3037 Tristi]
811 2973 825 3022 1
841 2989 956 3038 suppose,
974 2975 1003 3024 ct
1016 2977 1056 3026 the
1073 2976 1152 3028 Stoice

99 3040 179 3089 divine
189 3040 359 3104 appellatione.
642 3037 689 3086 sud
701 3038 800 3103 Cynics.

122 3112 136 3148 8
149 3106 301 3171 Nec-nari}
311 3107 324 3155 I
333 3105 418 3154 should
428 3105 515 3170 preter,
527 3104 611 3168 quibus
675 3103 683 3136 ¹
695 3105 830 3152 Nucerinos
837 3104 1048 3170 Pompeianosque]
1058 3107 1151 3172 People

100 3170 179 3234 aliqua
193 3171 316 3236 pangendi
326 3172 444 3231 facultas,
454 3184 496 3221 nec
509 3173 565 3220 dum
574 3172 610 3218 in·
642 3169 818 3231 oiCsmpauia.
850 3169 964 3226 Nuceria,
982 3186 1035 3219 now
1050 3173 1152 3222 Nocere.

99 3237 197 3349 “un
215 3236 611 3350 {ultusultus
641 3233 986 3348 nitriensihus
1002 3247 1152 3350 illim

100 3366 211 3428 explains
222 3366 251 3413 it.
275 3301 409 3415 §demodis
422 3338 610 3415 Neritmen·
642 3317 884 3423 amnessffiiniii'ffs,
896 3367 909 3427 t
921 3370 946 3414 9.
980 3318 1153 3432 Buqrqomqqiq

100 3433 165 3478 tione
175 3431 216 3478 the
227 3432 309 3494 metis
320 3431 407 3479 talento
417 3431 445 3478 cl
453 3430 528 3479 Nero.
643 3429 741 3478 become
762 3428 856 3477 extinct
877 3430 932 3478 nith
953 3430 1034 3497 Pliny.
1065 3434 1152 3482 Sarnus

129 3494 139 3528 ¹
157 3497 289 3546 Contraria
297 3497 497 3560 adseverantium]
511 3496 546 3542 Aa
558 3495 609 3542 Ns·
642 3494 663 3541 is
674 3509 729 3540 now
740 3494 828 3543 Seruo.

99 3575 124 3608 ro
142 3559 215 3609 enred
233 3561 296 3608 little
311 3561 349 3610 tor
366 3560 436 3609 these
446 3571 552 3615 matters,
562 3560 610 3607 and
674 3566 693 3592 ¹⁸
710 3556 807 3622 Rutuli]
822 3558 853 3607 in
870 3561 911 3608 the
925 3561 1002 3609 books
1018 3561 1095 3609 which
1112 3577 1151 3610 ere

99 3625 204 3673 uthese
214 3625 611 3688 prolessorsmsdecontradictory
642 3624 697 3672 lost.
730 3624 839 3686 Perhaps
850 3623 881 3671 he
891 3625 914 3674 is
930 3625 970 3673 the
987 3641 1051 3673 same
1068 3641 1094 3673 aa
1111 3628 1152 3674 the

98 3693 239 3747 smruons,
250 3691 380 3767 according
395 3700 421 3738 to
431 3692 494 3739 their
505 3704 610 3752 manner,
644 3703 731 3752 person
741 3690 879 3738 mentioned
889 3692 914 3737 in
925 3690 957 3737 Α.
966 3691 1003 3748 iii,
1016 3696 1055 3739 ll.

98 3756 197 3818 clamor,
208 3756 284 3814 etrite,
296 3756 343 3804 end
353 3755 448 3804 drsccrd
462 3771 515 3804 rose
527 3769 614 3818 among
676 3762 690 3788 ⁸
706 3755 790 3804 Motus
808 3756 903 3819 unctu]
921 3755 1068 3803 Alterwords
1088 3754 1154 3801 rein·

96 3820 252 3883 thepnrties.
284 3821 337 3869 The
356 3835 464 3884 emperor
479 3834 529 3869 was
546 3835 611 3867 more
644 3819 738 3868 stetad‘:
756 3820 789 3867 H.
798 3820 816 3881 i,
827 3824 868 3868 77.

99 3885 206 3934 desimus
217 3887 245 3932 ot
253 3885 383 3952 ridiculing
394 3885 452 3935 than
461 3887 490 3936 ol
503 3886 615 3950 learning*
675 3891 686 3917 ⁰
704 3884 890 3946 Cyrenensibus]
906 3882 939 3930 A.
948 3882 984 3936 iii,
995 3886 1036 3930 70.

97 3951 251 4017 philosophy.
673 3955 689 3992 Ρ
704 3947 936 4010 Pretoriu-ceum]
947 3946 1005 3993 This
1017 3959 1095 4009 ponet
1105 3960 1156 3995 was

168 4037 225 4090 Tus.
617 4037 655 4086 ΙΙ.
1067 4033 1095 4082 K
