2512 4372
56 191 123 239 J.c.
140 175 210 256 69.]
378 189 645 240 mascnlinum
671 190 745 240 ern.
771 191 797 240 1.
1045 172 1111 239 233

55 310 167 384 fallax,
184 312 269 394 quod
287 310 320 374 in
346 311 475 380 civitate
498 312 608 376 nostra
630 318 664 375 et
685 310 846 374 vetabitur
870 329 993 393 semper
1008 316 1042 375 et
1056 324 1109 374 re-

57 399 238 461 tinebitur!
278 396 400 461 Multos
425 406 548 462 secreta
572 397 742 480 Poppaeaes
765 395 1012 471 mathematicos,
1035 417 1107 479 pes-

56 485 170 547 simum
198 484 381 568 principalis
407 483 597 548 matrimonii
621 483 877 568 instrumentum,
909 483 1107 547 habuerant:

57 592 75 633 e
106 571 219 654 quibus
249 568 467 648 Ptolemaeus*
498 568 619 634 Othoni
647 570 680 633 in
708 568 866 651 Hispania
891 591 1005 644 comes,
1033 589 1108 632 cum

59 658 326 739 ‘superfuturum
355 678 428 720 eum
460 655 599 720 Neroni’
636 654 842 740 promisisset,
870 665 1035 739 postquam
1065 676 1108 718 ex

57 752 177 806 eventu
202 744 294 819 fides,
312 744 496 827 conjectura
515 743 583 826 jam
605 749 640 806 et
662 762 787 806 rumore
807 741 928 806 senium
944 740 1058 805 Galbae
1073 754 1107 805 et

53 829 223 912 juventam
239 829 375 892 Othonis
390 828 650 913 computantium,
666 837 877 913 persuaserat,
902 837 910 862 ‘
928 829 1006 901 sore,
1023 839 1061 891 nt
1074 828 1107 892 in

57 917 225 999 imperium
241 915 491 980 adscisceretur!
536 914 602 978 Sed
628 913 727 991 Otho,
756 923 923 998 tamquam·
939 914 1054 998 peritia
1074 923 1109 978 et

58 1003 181 1066 monitu
210 1004 347 1066 fatorum
379 1003 542 1086 praedicta,
579 1001 766 1084 accipiebat,
803 1001 952 1086 cupidine
988 1000 1108 1084 ingenii

58 1089 188 1152 humani
211 1089 360 1153 libentius
383 1091 517 1154 obscura
540 1084 719 1152 credentis!
762 1086 834 1160 Nec
862 1088 972 1151 deerat
999 1087 1108 1151 Ptole·

57 1197 168 1249 maeus,
190 1176 258 1259 jam
282 1184 316 1239 et
340 1175 466 1239 sceleris
489 1169 681 1251 instinctor}
709 1174 749 1237 ad
774 1174 859 1260 quod
885 1174 1036 1239 facillime
1066 1175 1106 1238 ab

56 1262 214 1346 ejusmodi
230 1271 303 1326 voto
319 1263 479 1326 transitur.
864 1297 867 1303 ·
956 1314 958 1318 ,

101 1347 156 1412 23.
179 1349 245 1413 Sed
267 1349 393 1412 sceleris
416 1346 567 1433 cogitatio
592 1346 747 1412 incertum
765 1369 806 1411 au
826 1369 938 1432 repens
951 1346 979 1410 :¹
999 1344 1106 1410 studia

57 1431 194 1498 militurn¹
210 1435 410 1519 jampridem,
428 1456 482 1518 spe
500 1433 707 1498 successionis
731 1443 788 1499 ant
810 1443 923 1517 paratu
945 1434 1104 1508 facinoris,

59 1521 298 1585 adfectaverat:
322 1521 354 1584 in
370 1523 494 1594 itinere,
509 1520 541 1582 in
557 1520 716 1604 agmine*
737 1519 769 1583 in
784 1522 982 1595 stationibus,
998 1527 1106 1584 vetus-

57 1607 212 1671 tissimum
239 1629 399 1692 quemque
426 1607 566 1670 militum
589 1605 713 1670 nomine
739 1628 865 1687 vocans,
893 1620 930 1672 ac
955 1607 1106 1671 memoria

58 1692 234 1757 Neroniani
263 1691 442 1768 comitatus,
476 1691 757 1775 ‘contubernales'
788 1693 996 1778 appellando;
1026 1693 1105 1757 alios

55 1801 239 1864 agnoscere,
265 1781 418 1865 quosdam
440 1778 615 1863 requirere,
637 1787 671 1843 et
694 1779 829 1863 pecunia
852 1789 909 1846 aut
932 1779 1036 1863 gratia
1049 1779 1106 1864 ju·

50 1888 153 1932 aare:
182 1868 347 1931 inserendo
373 1866 488 1949 saepius
511 1865 668 1949 querelas,
692 1872 727 1929 et
749 1867 913 1950 ambiguos
936 1867 977 1930 de
1000 1864 1106 1930 Galba

56 1974 228 2031 sermones,
256 1975 392 2038 quaeque
416 1953 478 2016 alia
500 1953 698 2027 turbamenta
712 1951 813 2036 vulgi.
857 1951 996 2016 Labores
1010 1953 1106 2016 itine-

57 2062 140 2119 rum,
156 2040 261 2124 inopia
275 2048 518 2114 commeatuum,
532 2038 651 2103 duritia
659 2038 797 2123 imperii,
813 2040 951 2103 atrocius
971 2039 1104 2121 accipie·

55 2127 185 2200 bantur,
201 2148 285 2206 cum,
309 2125 492 2210 Campaniae
514 2125 605 2189 lacus·
625 2135 659 2188 et
678 2125 810 2189 Achaiae
834 2127 927 2190 urbes
954 2125 1105 2189 classibus

57 2213 148 2277 adire
175 2212 286 2288 soliti?
313 2213 515 2298 Pyrenaeum,
543 2206 577 2275 'et
599 2211 712 2296 Alpes,
738 2219 772 2276 et
800 2213 952 2276 immensa
981 2213 1106 2277 viarum

56 2300 161 2384 spatia
177 2321 261 2383 aegre
277 2302 335 2363 sub
350 2300 443 2363 armis
456 2300 665 2362 eniterentur.

99 2385 154 2450 24.
178 2385 402 2470 Flagrantibus
420 2384 488 2469 jam
511 2385 647 2448 militum
669 2382 792 2458 animis,
810 2382 899 2446 velut
913 2383 999 2448 faces
1015 2383 1104 2447 addi·

57 2473 151 2536 derat
176 2471 312 2536 Maevius
328 2473 469 2550 Pudens,
494 2493 512 2534 e
538 2471 690 2554 proximis
704 2469 873 2555 Tigellini:
900 2469 1106 2534 ismohilissi-

57 2581 146 2623 mum
171 2580 330 2644 quemque
352 2558 492 2644 ingenio,
515 2567 571 2621 aut
585 2557 728 2642 pecumae
742 2556 898 2642 indigum,
913 2565 948 2622 et
962 2558 995 2622 in
1009 2578 1106 2622 novas

87 2799 267 2864 free-rea]
308 2799 440 2856 Vetobitar,
466 2799 568 2848 because
632 2795 802 2865 *ScehimtJ
819 2800 948 2850 Suetonius
962 2801 1051 2850 relates
1066 2799 1107 2849 the

57 2868 118 2930 they
134 2867 204 2913 male
222 2865 284 2912 their
299 2879 355 2930 way
372 2865 406 2929 by
424 2865 568 2914 destructive
601 2879 665 2913 seme
677 2865 856 2923 circumstance,
866 2873 894 2914 'ss
903 2867 923 2914 it
933 2865 1012 2914 would
1030 2880 1107 2928 seem,

56 2930 146 2979 fraud:
168 2929 316 2993 censebitur,
334 2931 436 2978 because
455 2931 516 2995 they
532 2937 569 2978 at·
600 2929 628 2977 in
648 2944 663 2977 a
684 2946 748 2979 more
768 2931 892 2994 mitigated
913 2931 982 2991 form,
998 2930 1072 2992 Otho,
1083 2936 1109 2981 4.

58 3003 122 3044 tract
139 2995 172 3060 by
189 2996 250 3042 their
267 2995 377 3059 specious
393 2996 439 3041 and
454 2995 569 3043 desirable
602 2994 714 3060 ·[0ch0]
732 2996 858 3044 conatibus
875 2995 959 3044 Galbae
970 2995 1058 3059 primus
1069 3011 1108 3044 sc·

58 3061 182 3174 limidi
207 3059 568 3189 i‘ftttttflhnnl,
599 3060 1108 3190 {tt{internuntiante

58 3191 186 3238 consulted
196 3191 256 3237 with
267 3205 338 3252 many
351 3190 499 3253 astrologus,
513 3192 568 3239 who
600 3189 736 3238 conditione
757 3199 898 3252 temporum,
920 3192 961 3239 sed
984 3191 1107 3256 aliquanto

58 3254 108 3303 had
123 3255 185 3304 been
195 3255 237 3302 the
248 3253 370 3303 wretched
379 3254 534 3303 instrumente
544 3255 570 3303 of
599 3254 711 3318 majorem
726 3270 759 3302 ex
774 3255 927 3304 affirmatione
942 3257 1046 3314 Seleuci,
1056 3271 1107 3306 ma-

58 3321 103 3368 her
119 3319 233 3382 marriage
250 3319 309 3366 with
328 3321 368 3366 the
384 3335 502 3382 emperor.
535 3320 570 3370 Ol
599 3319 737 3378 thematici;
754 3322 794 3382 qui
810 3335 865 3368 cum
880 3337 933 3369 curn
949 3321 1005 3370 olim
1025 3337 1108 3385 super-

60 3384 108 3460 this
122 3384 244 3448 marriage,
255 3399 295 3432 see
314 3383 340 3432 in
357 3383 390 3432 Α.
408 3385 514 3444 sitisse,
526 3390 567 3446 46,
600 3383 685 3460 etitem
697 3382 788 3460 Neroni
804 3386 854 3433 fore
865 3376 1042 3450 spopondisset,
1051 3382 1108 3436 tunc

59 3464 111 3548 ω’,
122 3455 277 3578 6Potblenroeas]
296 3513 335 3561 He
347 3529 422 3562 seems
435 3522 459 3562 to
476 3513 507 3560 be
526 3512 568 3561 the
599 3450 1107 3580 iliihoqdobhgbldehiadehibhrillebldleratu.

58 3593 125 3627 same
145 3595 177 3627 as-
189 3582 231 3626 the
250 3593 337 3644 person
355 3579 433 3627 called
454 3577 569 3626 Seleucus
632 3575 640 3611 ⁸
659 3580 762 3644 Repete]
779 3579 825 3628 For
835 3596 924 3638 recens,
935 3596 962 3629 as
972 3583 1062 3630 before.

59 3644 93 3707 by
110 3644 178 3694 Suet.
194 3644 254 3693 Oth.
271 3649 297 3693 4.
329 3644 375 3692 See
393 3643 443 3691 also
462 3641 517 3691 Juv.
537 3643 569 3699 vi,
626 3650 645 3675 '¹
661 3644 691 3692 In
701 3645 807 3708 agmine]
824 3645 904 3695 'these
920 3647 998 3694 werde
1014 3662 1052 3694 ere
1069 3661 1107 3694 re-

60 3713 118 3757 5⁵6.
597 3708 679 3772 jected
696 3710 727 3775 by
743 3709 845 3772 Ernesti,
864 3727 891 3759 as
909 3711 978 3774 being
991 3710 1106 3758 identical

91 3774 100 3806 ⁶
119 3775 225 3824 Obscura
236 3771 363 3835 credentis]
379 3772 412 3821 So
428 3771 493 3820 Plin.
509 3785 569 3827 xxx,
603 3773 656 3820 with
674 3780 680 3802 ⁸
692 3775 718 3821 in
729 3774 813 3822 itinere
822 3774 845 3824 :’
866 3776 910 3823 bnt
924 3777 964 3822 the
976 3790 1076 3838 passage
1086 3776 1108 3824 is

63 3843 84 3888 t.
102 3839 110 3866 ‘
121 3839 197 3886 Nullo
212 3854 259 3886 non
274 3838 345 3886 avido
356 3839 434 3885 furare
445 3835 475 3882 ds
488 3852 513 3884 se
524 3837 571 3884 sci·
602 3838 657 3886 well
674 3838 802 3887 translated
813 3841 846 3904 by
857 3839 998 3894 Davsnzati,
1008 3840 1034 3889 in
1044 3855 1106 3890 cem·

58 3904 127 3962 cudi,
144 3911 217 3966 atque
234 3917 263 3952 ea
279 3918 293 3951 e
310 3904 368 3953 coelo
384 3901 508 3951 verissime
521 3901 571 3966 peti
603 3904 675 3965 ariao,
686 3904 711 3952 in
721 3906 857 3959 ordinarias,
867 3906 894 3953 in
903 3904 1013 3965 gerardis.

57 3967 189 4019 credente.’
636 3977 650 4002 ⁸
666 3969 741 4019 Adire
752 3968 808 4034 rot]
826 3969 856 4016 ta
867 3968 909 4017 the
919 3968 985 4033 reign
996 3969 1022 4018 of
1031 3968 1107 4020 Nero.
