2512 4372
56 204 120 252 ac.
137 186 209 268 61.]
385 202 593 252 annnmnu
619 203 694 250 nrn.
720 201 803 251 xw.
1048 185 1113 249 119

58 323 245 399 fundentes,
267 320 408 384 novitate
431 329 579 404 aspectus
605 321 769 403 perculere
793 320 928 395 milites;
951 329 998 394 ut,
1021 320 1114 403 quasi

61 409 275 486 haerentibus,
295 407 453 479 membris,
484 408 643 470 immobile
675 429 790 489 corpus
820 407 1004 472 vulneribus
1029 429 1114 490 prae·

60 497 189 559 herent.
236 494 331 566 Dein,
360 494 631 557 cohortationibus
660 494 768 568 ducis·
788 503 822 556 et
850 515 885 557 se
912 493 974 578 ipsi
1005 496 1117 559 stimu-
1199 537 1202 540 -

60 583 186 656 lantes,
205 602 244 643 ne
266 581 419 644 muliebre
443 589 477 643 et
497 580 672 644 fanaticum
695 601 809 665 agmen
830 590 1050 663 pavescerent,
1067 581 1117 644 in·

61 671 173 733 ferunt
198 667 301 750 signa,
318 676 529 750 sternuntque
552 667 671 741 obvios,
692 676 725 730 et
747 667 814 750 igni
838 678 918 730 suo?
939 668 1116 731 involvunt.

64 754 260 820 Praesidium
278 754 411 836 posthac
429 753 611 836 impositum
626 753 730 827 victis,
746 753 911 838 excisique
934 753 1008 827 luci,
1026 755 1119 817 saevis

64 840 345 925 superstitionibus
361 840 462 911 sacri3
493 861 566 902 nam
587 861 701 904 cruore
722 841 870 923 captivat
892 840 1019 903 adolere
1034 861 1117 917 aras,

65 941 99 991 et
124 928 289 990 bominum
312 925 400 989 fibris
426 927 588 990 consulere
616 928 714 1001 Deos,
740 926 789 989 sas
821 925 988 990 habebant.
1034 925 1120 990 Haec

64 1015 177 1099 agenti
193 1012 359 1085 Suetonio,
375 1014 541 1095 repentina
556 1013 695 1076 defectio
712 1013 882 1096 provinciae
897 1014 1075 1077 nuntiatur.

109 1100 166 1164 31.
191 1099 268 1163 Rex
294 1098 484 1178 Icenorum'
515 1100 728 1184 Prasutagus,
752 1099 847 1183 longa
872 1100 1036 1182 opulentia
1056 1099 1119 1164 cla·
1166 1132 1169 1140 s

66 1209 135 1266 rus,
155 1186 317 1251 Caesarem
340 1186 500 1248 haeredem
522 1186 669 1269 duasque
693 1185 773 1249 filias
797 1185 976 1270 scripserat,
994 1185 1050 1249 tali
1066 1186 1121 1250 ob-

68 1274 182 1358 sequio
211 1282 298 1335 ratus
321 1293 519 1355 regnumque
543 1283 577 1336 et
601 1275 730 1336 domum
757 1294 846 1336 suam
871 1273 980 1357 procul
1005 1273 1123 1356 injuria

68 1361 173 1424 forez·
193 1358 280 1442 quod
309 1371 419 1421 contra
447 1358 563 1432 vertit;
599 1360 678 1422 adeo
708 1366 746 1421 ut
767 1380 900 1443 regnum
931 1381 988 1448 per
1010 1369 1123 1423 centu·

68 1447 187 1520 riones,
202 1446 315 1509 domus
339 1466 396 1528 per
421 1466 541 1522 servos,
558 1445 647 1509 velut
670 1456 774 1528 capta,
791 1454 1001 1510 vastarentur.
1048 1445 1123 1510 Jam

67 1534 209 1617 primum
229 1553 311 1595 uxor
335 1532 405 1616 ejus
432 1532 618 1595 Boudicea⁸
640 1532 825 1595 verberibus
848 1534 974 1612 affecta,
990 1540 1024 1596 et
1048 1532 1122 1595 filiae

70 1630 184 1703 stupro
214 1619 341 1682 violatae
372 1626 467 1681 sunt:
499 1619 652 1702 praecipui
679 1618 799 1702 quique
825 1617 1005 1692 Icenorum,
1032 1620 1126 1703 quasi

70 1715 220 1770 cunctam
250 1706 415 1786 regionem
446 1706 569 1768 muneri
598 1705 806 1788 accepissent,
830 1706 924 1769 avitis
953 1706 1042 1770 bouis
1068 1727 1124 1770 ex-

14 1811 18 1822 ·
71 1801 235 1871 uuntur;‘
267 1801 301 1855 et
316 1791 496 1875 'propinqui
523 1791 607 1875 regis
632 1791 715 1854 iuter
737 1792 893 1876 mancipia
917 1792 1123 1856 habebantur.

73 1880 151 1959 Qua
171 1877 373 1952 contumelia,
392 1888 425 1941 et
447 1887 535 1942 metu
561 1878 754 1963 graviorum,
769 1879 913 1962 (quando
938 1880 970 1942 iu
993 1880 1126 1943 formam

72 1966 249 2050 proviuoiae
279 1972 454 2042 cesserant)
482 1965 611 2047 rapiunt
641 1985 739 2043 arma,
768 1966 932 2030 commotis
962 1967 1002 2029 ad
1027 1965 1128 2028 rebel-

72 2054 227 2117 lationem
240 2051 514 2130 Trinohantibus,“
527 2061 562 2114 et
577 2051 634 2135 qui
647 2051 711 2125 alii,
732 2053 869 2115 nondum
889 2053 1019 2116 servitio
1038 2053 1126 2124 facti,

73 2161 239 2204 resumere
268 2138 447 2201 libertatem
477 2138 611 2201 occultis
634 2139 905 2222 conjurationibus
928 2141 1128 2223 pepigerant,

73 2225 230 2290 acerrimo
255 2224 287 2287 in
310 2233 476 2288 veteranos
503 2226 596 2289 odio:
625 2227 745 2309 quippe
773 2226 804 2288 in
831 2225 985 2289 coloniam
1011 2223 1129 2289 Carnu·
1175 2295 1178 2300 ⁸

75 2314 253 2377 lodunum⁰
275 2333 385 2374 recens
400 2311 543 2386 deducti,
560 2311 722 2395 pellebant
741 2311 898 2386 domibus,
915 2312 1131 2374 exturbabant

76 2400 174 2484 agris,
206 2399 383 2479 ‘captivos·,
414 2401 543 2463 servos'
577 2397 788 2481 appellando:
821 2398 1001 2461 foventibus
1030 2397 1129 2481 impo-

75 2488 214 2577 tentiam
239 2494 462 2548 veteranorum
485 2484 649 2559 militibus,
680 2484 888 2548 similitudine
914 2485 989 2548 vitae
1016 2493 1050 2548 et
1074 2506 1131 2568 spe

78 2736 177 2799 Mortis,
192 2744 219 2785 et
236 2736 347 2800 ignarum
365 2735 474 2784 redituras
492 2748 590 2798 parcere
623 2732 774 2788 cerimoniis,
792 2740 819 2783 ut
841 2734 935 2784 dedisce
957 2735 1036 2784 Persis
1057 2733 1133 2794 videri
1232 2787 1236 2797 ,

80 2801 155 2852 vita!
237 2799 238 2803 ’
623 2799 711 2863 possit.
743 2799 813 2847 Adeo
832 2799 878 2848 ista
895 2809 946 2848 toto
967 2803 1057 2849 mundo
1078 2816 1134 2849 con-

83 2886 85 2891 ·
110 2876 125 2910 r
151 2863 213 2928 tgna·
233 2864 287 2928 cao]
312 2864 365 2913 The
386 2863 478 2927 lighted
499 2864 592 2912 torches
624 2879 730 2926 sensere,
750 2880 895 2928 quamquam
915 2865 1017 2914 discordi
1042 2873 1067 2913 et
1087 2866 1134 2913 sibi

80 2931 164 2980 which
172 2932 216 2978 the
225 2945 318 2977 women
330 2928 422 2978 carried
430 2929 511 2977 bel'ore
520 2931 594 2977 them.
625 2929 715 2992 ignote.
754 2930 809 2979 Nec
836 2930 893 2978 saris
920 2931 1029 2979 estimari
1057 2939 1137 2993 potent

79 3011 84 3030 ·⁴
112 2997 235 3044 tcmore
252 2996 356 3059 captivo]
381 2995 433 3043 The
453 3010 518 3042 same
541 2994 594 3042 bar·
626 3004 741 3058 quantum
760 2995 879 3043 Romanis
896 2995 1019 3050 debeatur,
1031 2995 1073 3058 qui
1085 3011 1136 3042 sus-

80 3062 170 3110 barous
187 3068 282 3109 custom
300 3076 336 3108 we
354 3062 413 3109 have
433 3075 490 3107 seen
508 3074 596 3171 among
627 3060 703 3107 tulere
725 3069 839 3114 monstra,
860 3061 884 3106 in
908 3062 997 3123 quibus
1018 3061 1137 3108 hominem

81 3128 124 3174 the
136 3125 271 3174 Germana:
290 3125 321 3173 A.
332 3125 349 3181 i,
360 3129 401 3174 61.
422 3124 502 3172 These
514 3125 577 3172 horri
626 3122 735 3172 occidere
755 3124 960 3186 religiosissimum
977 3133 1037 3180 erat,
1056 3126 1136 3172 man&

81 3196 139 3239 nites
158 3191 185 3238 ol
201 3191 244 3237 the
263 3189 355 3238 Druids
372 3188 420 3237 and
436 3189 499 3237 their
519 3191 594 3245 magic
628 3203 682 3235 vero
703 3189 776 3236 etiam
794 3189 992 3239 saluberrimum!
1018 3191 1063 3238 See
1085 3191 1136 3238 also

82 3266 131 3304 arte
153 3255 275 3320 prevailed
296 3255 339 3302 the
359 3270 423 3302 ruore
450 3255 595 3318 ferociously
627 3254 694 3301 Suet.
706 3252 792 3302 Claud.
803 3259 844 3303 2⁵.

82 3323 171 3384 among
181 3323 224 3368 the
235 3319 343 3375 Erimus,
354 3335 381 3368 ae
391 3321 448 3383 they
462 3335 521 3368 were
537 3322 594 3367 then
658 3325 670 3349 '
683 3318 736 3367 Rea·
746 3319 880 3384 Icenorum]
899 3319 945 3369 For
955 3322 995 3369 the
1006 3320 1083 3375 Iceni.
1094 3335 1136 3369 see

84 3385 203 3434 banished
224 3385 285 3433 from
307 3385 380 3434 Gaul.
405 3385 469 3432 Plio.
492 3399 549 3440 xxx,
572 3389 595 3433 1.
626 3382 659 3430 A.
670 3383 766 3437 xitar.
864 3433 866 3445 ,
1079 3382 1080 3389 ’

84 3452 199 3500 ‘Gallias
216 3449 300 3512 utique
316 3449 423 3514 possedit
440 3449 595 3513 [magicam-
658 3454 669 3480 ’
686 3448 819 3513 Boudicca]
838 3449 889 3498 Her
903 3465 974 3499 name
986 3450 1139 3514 isvariously

83 3517 210 3581 uitae],et
221 3513 319 3576 quidem
336 3516 367 3563 ad
385 3529 490 3562 nostram
507 3528 598 3562 memo·
630 3513 734 3561 written.

83 3583 161 3629 riam:
184 3592 287 3642 nemque
306 3579 395 3628 Tiberii
415 3579 514 3628 Caesaris
535 3579 599 3643 prin·
664 3579 767 3627 ‘Bonis
783 3581 912 3643 amnentur]
930 3581 990 3629 This
1002 3583 1022 3630 is
1037 3583 1079 3628 the
1091 3580 1140 3626 elo-

84 3649 180 3708 cipatus
190 3645 288 3693 sustulit
297 3644 401 3693 Druidas
417 3660 499 3692 eorum
515 3651 539 3690 ct
555 3645 599 3692 hoc
631 3646 848 3708 quentcomplaiut
864 3647 892 3694 os
907 3646 1033 3694 Boudicea
1046 3647 1071 3693 in
1083 3643 1142 3700 Dio,

84 3727 162 3774 genus
172 3719 255 3758 vatum
267 3708 470 3772 medicorumque.
486 3707 535 3756 Sed
543 3708 601 3770 quid
632 3708 668 3764 lx,
678 3725 704 3772 p.
716 3713 775 3758 701.

85 3779 195 3839 ego-hec
213 3788 396 3823 commemorem
413 3775 438 3822 in
455 3782 504 3821 arte
523 3773 601 3821 Ocea·
666 3780 680 3804 ⁸
698 3773 892 3836 Trinobantibus]
920 3775 984 3822 Now
1006 3775 1143 3824 Middleeex

84 3856 143 3889 num
164 3855 262 3904 quoque
284 3850 440 3902 transgressa,
460 3846 483 3885 et
505 3839 535 3885 ad
556 3852 599 3884 na·
632 3837 777 3887 andEesex.

85 3916 145 3954 tnrae
162 3907 235 3954 inane
254 3905 384 3967 pervecta?
410 3902 533 3952 Britannia
555 3902 600 3949 bo·
629 3930 632 3937 ,
665 3901 892 3967 ”Camulodunum
910 3904 943 3950 A.
953 3901 1050 3963 xii,sa.

84 3970 173 4036 dieque
196 3985 252 4018 earu
273 3969 375 4018 attonite
396 3969 503 4018 celebrat
529 3968 601 4016 tantis
