2512 4372
53 182 128 265 aaa.
142 168 217 253 69.]
377 187 649 239 araroursauu
674 189 750 240 nra.
775 191 818 241 11.
1056 175 1123 243 aul

54 304 253 390 plebemque
275 308 450 375 certamina
472 331 642 375 exarsere:
673 312 767 376 modo
789 311 968 377 turbulenti
990 311 1120 388 tribuni.

56 392 157 456 modo
172 394 318 458 eonsules
342 395 518 478 praevalidi,
535 406 569 459 et
592 397 624 460 iu
651 395 742 460 Urbe
766 420 803 461 ac
830 399 899 461 foro
923 407 1123 463 tentamenta

58 477 205 553 ciuilium
229 479 394 545 bellorum.
442 480 563 547 More
589 482 682 566 plebe
706 483 835 547 infima⁹
864 483 904 548 Ο.
932 483 1067 562 Marius,
1086 496 1121 549 et

56 562 215 633 nubilium
232 567 423 631 sevissimus
439 566 480 634 L.
497 566 600 642 Sulla,
617 570 736 633 rictam
760 570 856 634 armis
878 570 1060 634 libertatem
1086 571 1121 636 iu

57 650 310 715 dominationem
340 662 525 717 verterunt:
564 663 635 738 post
664 677 745 739 quos
775 656 837 721 Cu.
866 654 1040 738 Pompeius
1068 677 1120 720 oc·

57 734 189 815 cultior,
211 759 273 801 non
294 738 426 815 melior;
449 749 484 804 et
506 761 680 824 numquam
707 750 829 824 postea,
855 741 917 804 nisi
940 742 982 805 de
1003 741 1121 824 princi-

83 828 142 886 atu
158 823 342 906 quaesitum.
389 822 466 889 Nou
480 825 655 890 discessere
671 828 710 891 ab
726 827 822 891 armis
838 827 870 890 in
891 826 1058 891 Pharsalia
1082 849 1121 891 ao

57 843 244 993 Philippis'
277 909 397 979 civium
427 911 585 994 legiones:
620 914 740 977 nedum
771 911 907 976 Othonis
932 934 970 976 ac
995 912 1121 978 Vitellii

59 994 227 1061 exercitus
256 1004 369 1079 sponte
406 998 544 1080 posituri
573 998 691 1062 bellum
720 998 861 1062 fuerint:
899 998 1012 1063 eadem
1048 999 1120 1064 illos

59 1078 172 1153 Deum
186 1080 244 1153 ira.
258 1082 370 1148 eadem
387 1082 550 1147 hominum
565 1085 679 1164 rabies,
699 1086 823 1149 eaedem
837 1085 993 1148 scelerum
1013 1106 1120 1151 causae

59 1165 96 1231 iu
107 1164 298 1233 discordiam
309 1190 416 1252 egere.
462 1169 558 1248 Quod
575 1170 708 1254 singulis
723 1171 813 1235 velut
826 1170 944 1235 ictibus
959 1179 1120 1236 transacta

59 1258 140 1316 suut
152 1252 247 1329 bella,
262 1254 392 1338 ignavia
406 1254 597 1340 Principum
616 1257 817 1320 factumest.
863 1258 930 1321 Sed
955 1279 1007 1321 me
1032 1265 1121 1322 vete-

58 1358 136 1413 rum
151 1360 370 1425 novorumque
386 1363 509 1405 morum
524 1343 686 1426 reputatio
700 1343 827 1427 longius
847 1344 941 1407 tulit:
973 1365 1058 1408 nunc
1078 1344 1119 1407 ad

60 1444 171 1489 rerum
187 1426 332 1491 ordinem
346 1428 450 1491 venio.

105 1508 161 1576 39.
185 1510 337 1578 Profecto
362 1512 545 1577 Brixellum
572 1512 713 1589 Othone,
739 1512 838 1583 honor
866 1514 992 1599 imperii
1021 1537 1120 1600 penes

58 1592 225 1661 Titianum
252 1598 396 1675 fratrem,
421 1600 469 1663 vis
492 1622 529 1663 ac
552 1608 694 1683 potestas
717 1620 814 1682 penes
839 1599 1013 1665 Proculum
1036 1624 1120 1686 prae·

61 1680 211 1748 fectum!
253 1684 367 1750 Celsus
387 1694 421 1750 et
437 1684 616 1765 Paullinus,
632 1707 705 1749 eum
720 1686 889 1768 prudentia
903 1708 1012 1751 eorum
1027 1710 1120 1753 nemo
1168 1742 1171 1746 ,

63 1772 225 1857 uteretur,
248 1770 336 1834 inani
358 1771 483 1836 nomiae
505 1773 634 1850 ducum,
662 1771 775 1835 alienae
805 1773 909 1857 culpae
939 1775 1120 1856 praetende.-

62 1854 201 1920 bauturr
238 1856 358 1921 tribuni
387 1858 652 1942 centurionesque
682 1857 845 1942 ambigui,‘
879 1859 976 1943 quod,
1003 1860 1119 1943 spretis

61 1940 260 2022 melioribus,
276 1943 440 2008 deterrimi
464 1944 632 2008 valebant:
664 1944 755 2007 miles
777 1944 902 2020 alacer;
932 1945 989 2028 qui
1012 1956 1119 2009 tamen

57 2024 154 2111 jussa
182 2026 301 2092 ducum
332 2029 538 2112 interpretari
570 2051 665 2114 quam
696 2029 832 2113 exsequi
862 2030 981 2095 mallet.
1036 2032 1118 2096 Pro·

62 2113 189 2179 moveri
203 2113 244 2177 ad
259 2124 407 2198 quartum
423 2138 443 2179 a
459 2115 637 2180 Bebriaco“
659 2125 764 2179 castra
786 2115 928 2200 placuit;
956 2117 1038 2181 adeo
1060 2118 1117 2181 im-

62 2198 183 2284 perite,
199 2208 236 2263 ut
258 2222 451 2285 quamquam
474 2223 572 2266 veruo
595 2211 738 2284 tempore
763 2202 848 2277 anui,
866 2211 900 2266 et
924 2211 972 2266 tot
998 2203 1117 2266 circum

63 2286 238 2361 amnibus?
252 2287 386 2369 penuria
400 2309 493 2371 aquae
509 2287 734 2370 fatigarentur.
778 2287 830 2351 Ibi
846 2288 887 2351 de
900 2288 1010 2372 praelio
1026 2289 1118 2352 dubi-

61 2378 189 2434 tatum:
236 2370 365 2436 Othone
395 2394 453 2457 per
482 2374 590 2437 literas
626 2374 804 2456 flagitante,
836 2385 874 2437 ut
901 2383 1119 2454 maturarent;

62 2454 232 2536 militibus,
248 2465 286 2521 ut
310 2457 489 2544 Imperator
513 2481 631 2543 pugnae
654 2461 791 2533 adesset,
807 2459 1030 2542 poscentibus;
1052 2460 1118 2542 ple-

62 2542 161 2629 rique
190 2543 300 2628 copius
328 2553 415 2610 trans
451 2546 581 2611 Padum
613 2554 746 2630 agentes
776 2544 873 2609 acciri
900 2546 1118 2630 postulabant.

60 2752 122 2808 lust,
139 2748 233 2815 Fragor.
251 2752 315 2802 llist.
330 2750 350 2814 i,
367 2755 392 2802 3.
418 2752 576 2814 ‘Postquam
609 2750 701 2800 ‘Caius
721 2750 825 2814 Marius,
842 2757 913 2799 uatus
930 2750 1036 2815 equestri
1055 2753 1119 2814 loco,

62 2824 158 2865 remoto
168 2825 235 2865 metu
247 2816 348 2873 Punico,
360 2817 494 2866 simultates
506 2832 576 2865 exer·
609 2815 687 2864 hirtus
698 2824 770 2878 atque
781 2814 900 2872 horridus,
908 2815 1004 2878 vitaque
1015 2824 1120 2879 sauctus,

62 2894 122 2928 cere
139 2894 240 2929 vacuum
255 2880 310 2946 suit,
322 2883 429 2944 plurimae
444 2881 528 2944 turbe,
539 2896 577 2929 se·
610 2890 726 2943 quantum
743 2881 805 2927 bello
824 2881 938 2942 optimus,
949 2888 1041 2928 tantum
1058 2896 1119 2943 pace

62 2944 181 3000 ditiones,
195 2954 221 2993 et
239 2946 270 2993 ad
287 2954 443 3009 postremum,
462 2947 525 2994 bella
542 2946 577 2993 ci·
609 2943 896 3006 pessimus-immodicus
915 2945 1005 3006 gloria,
1023 2938 1120 2992 insatia—

60 3010 122 3059 silis
133 3019 186 3059 orta
195 3010 269 3059 suut’
294 3011 395 3059 Tacitus
404 3013 468 3059 loses
477 3024 540 3058 none
552 3010 579 3058 ol
610 3009 674 3066 bilis,
685 3011 813 3070 impotens,
824 3023 966 3072 semperque
976 3008 1115 3073 inquietus!

61 3072 105 3123 laia
120 3074 193 3122 merit
208 3076 241 3140 by
251 3075 312 3124 such
327 3074 460 3123 imitation:
478 3077 509 3122 he
519 3075 578 3122 risen
640 3080 652 3106 r
670 3074 756 3122 Pburs.
766 3089 794 3122 aa
806 3073 939 3137 Philippis]
957 3073 991 3149 Η..θ
1000 3073 1018 3135 i,
1029 3078 1072 3123 6⁰.

62 3152 252 3261 {tratur
266 3140 350 3253 all
364 3138 580 3269 ullust}
642 3136 1019 3263 :truhthardum
1033 3208 1060 3251 ω
1078 3203 1121 3264 a,

63 3268 184 3331 language
194 3268 242 3315 and
253 3269 361 3332 rigorous
375 3270 519 3317 sentimenta
536 3268 578 3315 the
611 3280 638 3315 ss
648 3266 716 3314 Huet
727 3265 837 3329 explains
846 3265 875 3312 it.

62 3332 183 3381 immense
195 3333 283 3380 wealth
299 3333 346 3380 aad
365 3332 518 3397 uugovemed
536 3331 579 3379 de·
643 3329 696 3379 “A
716 3329 803 3393 Baba]
831 3329 890 3376 And
911 3344 968 3378 near
989 3331 1030 3379 tbe
1051 3332 1122 3394 place

63 3396 127 3445 sires
146 3397 174 3445 ol
193 3397 231 3444 bis
250 3407 417 3462 countrymen.
450 3398 518 3445 lluet
539 3410 581 3444 ex·
612 3394 692 3443 which
710 3394 732 3441 is
750 3409 804 3441 uosr
830 3393 908 3442 called
931 3395 978 3444 Tor
999 3395 1122 3458 Arretini,

63 3460 147 3526 plains
172 3461 237 3520 well,
265 3469 378 3511 ‘sectum
397 3477 457 3525 opes
477 3476 579 3524 concup.
611 3461 720 3522 between
742 3460 783 3505 the
808 3457 883 3506 rivers
904 3459 969 3507 Ollio
990 3463 1037 3508 aad
1060 3458 1122 3515 Der·

65 3540 169 3574 vacuum
194 3526 257 3586 fuit3
283 3541 333 3574 non
357 3527 459 3590 amplios
480 3540 581 3574 necesse
611 3538 691 3572 mona.
724 3523 847 3580 Plutarch,
864 3523 923 3572 Oth.
961 3527 1052 3573 .1url.
1066 3536 1125 3586 says·

64 3590 248 3640 fuitsecuritati
263 3598 383 3656 partarum
398 3606 472 3655 opum
489 3589 580 3655 prospi·
613 3589 667 3635 that
688 3586 805 3636 Proculus
818 3540 958 3652 encamped
973 3587 1019 3636 &ab
1038 3585 1124 3644 scni-

65 3653 142 3705 aere-¹
614 3651 987 3708 ronscsabler,sixmitesoffi

101 3721 155 3769 ΗΞ
170 3719 235 3782 plebs
248 3719 308 3784 ἰώ]
325 3720 436 3769 Because
445 3720 486 3767 the
496 3717 581 3781 family
645 3724 658 3749 ⁹
675 3719 721 3766 Tot
736 3718 827 3766 dream
844 3715 964 3778 amnibus]
989 3712 1037 3762 For
1054 3714 1123 3762 rbere

66 3783 95 3833 ot
109 3782 153 3831 the
170 3783 244 3832 Marii
259 3785 440 3848 wasplebeiau.
473 3783 581 3831 Velleius
613 3796 653 3829 sre
670 3783 779 3848 scarcely
798 3797 849 3847 say
865 3785 944 3830 where
965 3792 1029 3827 mors
1049 3779 1125 3827 rivers

66 3847 153 3898 srrites
170 3849 232 3898 with
250 3849 318 3899 trutlr
335 3850 363 3899 of
380 3848 484 3906 Marius,
501 3848 529 3907 ii,
543 3851 583 3897 11.
614 3847 750 3898 thanberc.

137 3936 195 3988 Tac.
579 3933 617 3985 11.
1013 3934 1029 3980 2
1041 3929 1062 3980 C
