2512 4372
45 162 47 211 ³
98 178 237 267 ncta]
415 194 625 247 sanamus
649 198 725 247 nra.
748 198 821 248 xrr.
1103 185 1147 251 la

98 319 200 403 liguas
228 318 432 406 popularium
458 317 579 382 animos
603 318 752 393 obtineri,
776 317 889 383 relicto
916 317 961 381 ibi
986 317 1146 402 prasidio,

97 406 203 469 risum.
248 406 340 470 Exin
363 406 396 468 in
420 402 551 469 Siracos
571 413 731 487 pergunt;
758 413 793 467 et
815 407 1002 485 transgressi
1022 426 1148 470 amnem

97 491 265 572 Pandam‚⁴
288 490 546 555 circumveniunt
568 490 680 553 urbem
703 488 841 573 Uspen,‘
863 490 983 554 editam
1009 490 1089 565 loco,
1114 502 1149 557 at

95 578 249 643 maenibus
270 599 307 641 ao
330 578 426 641 fossis
439 575 593 639 munitam
605 602 614 648 ;
639 576 699 639 nisi
721 576 808 658 quod
829 576 951 639 nroenia
971 598 1034 639 non
1056 599 1147 657 saxo,

95 663 146 726 sed
168 665 314 728 cratibus
338 661 501 736 revinctis,
525 682 562 724 ao
584 662 691 725 media
713 660 821 739 humo,
838 661 1005 725 adversum
1029 663 1149 727 inrum·

95 758 201 831 pentes
216 749 359 813 invalida
373 755 484 810 erant:
507 747 698 831 eductaeque
714 747 810 810 altius
829 756 946 823 turres,
961 748 1085 813 facibus
1101 760 1148 813 at-

95 856 154 917 que
177 836 279 900 hastis
303 834 478 897 turbabant
500 832 662 896 obsessos:
686 854 723 896 ac
745 834 779 896 ui
803 832 950 917 pralium
975 854 1039 896 nox
1063 835 1147 899 dire·

95 920 210 996 miaset,
225 930 338 1004 coepta
352 926 545 1004 patrataque
567 918 765 1003 expugnatio
786 918 936 982 eumdem
959 917 1043 983 intra
1065 921 1149 985 diens

96 1006 184 1072 soret.

135 1093 188 1156 17.
212 1090 351 1155 Postero
365 1090 481 1153 misere
497 1088 629 1173 legatos,
654 1089 803 1152 ‘veniam
822 1087 930 1154 liberis
945 1090 1150 1173 corporibus'

95 1187 237 1241 orantes:
265 1176 417 1240 ‘servitii
440 1177 551 1238 decem
573 1175 690 1237 millia'
714 1174 908 1239 offerebant:
934 1176 1020 1259 quod
1044 1197 1150 1259 asper·

96 1264 158 1326 nati
180 1272 257 1327 snut
271 1263 423 1338 victores,
443 1262 519 1344 qnia
541 1260 702 1325 trucidare
724 1259 850 1323 deditos
872 1283 1004 1336 saevum,
1028 1272 1151 1327 tantam

95 1347 335 1413 multitudinem
360 1346 507 1411 custodia
532 1346 662 1429 cingere
687 1346 844 1408 arduum:
877 1355 913 1409 ut
942 1348 1014 1411 belli
1044 1350 1151 1431 potius

92 1432 164 1516 jure
186 1434 359 1498 caderent:
386 1434 561 1515 datumque
583 1432 749 1510 militibus,
775 1431 831 1514 qui
856 1431 949 1495 scalis
970 1444 1150 1509 evaserant,

95 1518 223 1604 signnm
237 1519 347 1583 caedis.
387 1517 525 1581 Excidio
540 1515 736 1599 Uspensium
752 1526 857 1580 metus
872 1518 988 1582 ceteris
1003 1520 1150 1601 injectus,

98 1605 173 1668 nihil
205 1614 312 1668 tutum
346 1604 436 1681 ratis,
464 1624 537 1666 cum
566 1624 664 1675 arma,
693 1602 900 1679 munimenta,
928 1604 1074 1686 impediti
1101 1608 1153 1670 vel

95 1691 274 1755 eminentes
290 1690 361 1763 loci,
378 1710 551 1772 amnesque
570 1696 605 1752 et
627 1689 722 1751 urbes
737 1688 838 1771 juxta
859 1699 1151 1773 perrumperentur.

97 1773 205 1860 Igitur
222 1774 385 1852 Zorsines,
404 1776 460 1838 diu
483 1774 654 1859 pensitato,
678 1773 918 1837 Mithridatisne
936 1776 1030 1838 rebus
1045 1786 1154 1841 extre·

94 1862 167 1941 mis,
182 1884 224 1925 an
240 1863 345 1945 patrio
360 1883 460 1945 regno
474 1859 673 1935 consuleret;
697 1868 864 1943 postquam
887 1861 1055 1943 praevaluit
1078 1884 1155 1946 gen·

96 1947 161 2011 tilis
176 1948 310 2023 utilitas,
327 1948 411 2011 datis
426 1947 599 2019 obsidibus,
616 1946 702 2027 apud
719 1945 856 2029 effigiem
870 1945 1029 2010 Caesaris!
1040 1968 1155 2032 procn-

96 2032 178 2109 buit,
192 2054 311 2116 magua
327 2033 429 2117 gloria
443 2032 605 2095 exercitus
623 2030 772 2109 Romani,
788 2053 885 2114 quem
904 2032 1103 2097 incruentum
1121 2045 1154 2099 et

97 2119 264 2196 victorem,
285 2119 383 2182 tridui
403 2119 517 2182 itinere
539 2117 680 2180 abfuisse
696 2118 736 2180 ab
749 2138 841 2179 amne
855 2118 979 2182 Tanais
1001 2121 1155 2184 constitit.

97 2204 165 2267 Sed
179 2205 212 2268 iu
229 2225 377 2288 regressu
393 2204 500 2285 dispar
515 2205 644 2267 fortuna
659 2204 742 2276 suit3
758 2203 836 2285 quia
847 2206 974 2268 navium
988 2206 1155 2287 quasdam,

96 2312 171 2374 quaa
187 2291 268 2353 mari
282 2291 479 2362 remeabant,
496 2289 528 2352 iu
544 2289 653 2352 littora
666 2288 868 2351 Taurorumt
883 2290 1005 2352 delatas
1021 2291 1156 2353 circum·

96 2372 367 2452 renerelbarbari,
383 2375 538 2460 praefecto
556 2375 694 2438 cohortis
709 2383 742 2436 et
757 2373 918 2457 plerisque
933 2376 1155 2441 centurionum

97 2461 290 2527 interfectis.

142 2547 196 2612 18.
221 2546 353 2611 Interea
369 2544 587 2624 Mithridates,
602 2545 689 2608 nullo
704 2545 735 2607 in
752 2544 848 2607 armis
864 2543 1014 2620 subsidio,
1031 2548 1157 2611 consul-

97 2643 149 2697 tat
168 2633 263 2717 cujus
284 2632 532 2695 misericordiam
556 2632 767 2714 experiretur.
813 2629 928 2694 Frater
942 2629 1065 2718 Cotyn*
1083 2656 1157 2717 pro·

98 2720 184 2783 ditor
207 2719 294 2794 olim,
311 2718 428 2782 deinde
449 2717 557 2791 hostis,
579 2718 800 2781 metuebatur:
825 2716 1043 2782 Romanorum
1064 2742 1157 2785 nemo

97 2805 133 2869 id
145 2804 346 2869 auctoritatis
355 2805 484 2876 aderat,
501 2811 537 2865 ut
553 2803 707 2886 promissa
718 2803 789 2886 ejus
805 2805 912 2887 magni
929 2805 1155 2886 penderentur.

99 2890 156 2955 Ad
180 2888 363 2954 Eunonen*
383 2889 552 2962 convertit,
577 2889 711 2972 propriis
736 2889 817 2952 odiis
842 2911 903 2954 non
928 2890 1099 2965 infensum,
1123 2904 1158 2955 et

98 2996 211 3041 recens
244 2975 414 3058 conjuncta
451 2975 612 3038 nobiscum
651 2975 803 3050 amicitia,
837 2976 988 3039 validum.
1048 2976 1158 3061 Igitur

97 3063 200 3136 cultu,
228 3062 389 3144 vultuque
417 3081 513 3145 quam
544 3060 684 3123 maxime
711 3061 751 3124 ad
780 3069 972 3145 praesentem
996 3062 1157 3127 fortunam

97 3158 294 3247 comparato,
311 3147 432 3230 regiam
448 3146 640 3230 ingreditur,
657 3146 857 3230 genibusque
872 3147 942 3230 ejus
959 3148 1155 3230 provolutus,

99 3232 365 3306 ‘Mithridaten'
391 3233 508 3316 inquit,
539 3240 651 3296 ‘terra
677 3232 822 3316 marique
847 3229 1001 3296 Romame
1026 3256 1084 3317 per
1110 3245 1159 3300 tot

100 3340 201 3383 annos
229 3318 395 3402 quaesitus,
426 3327 538 3402 sponte
566 3319 690 3382 adsum.
734 3317 848 3392 Utere,
878 3327 914 3382 ut
941 3319 1039 3394 voles,
1068 3321 1158 3405 prole

132 3501 264 3552 ‘Amnem
281 3500 404 3564 Pandam]
433 3499 494 3548 This
510 3499 574 3547 rirsr
591 3498 614 3547 is
676 3499 938 3563 transnatamus.
1071 3498 1095 3545 V

98 3565 239 3617 mentioned
250 3567 285 3631 by
295 3565 393 3613 Tacitus
408 3565 488 3612 alona.
520 3564 613 3612 Ithinlr
678 3562 691 3596 ¹¹
710 3565 852 3630 Taurorum]
875 3565 927 3613 The
943 3565 1017 3614 Tauri
1031 3565 1157 3617 inhabited

97 3634 120 3680 it
129 3647 175 3679 nas
185 3647 232 3680 one
241 3631 268 3679 ol
278 3631 347 3688 those
358 3631 434 3678 which
444 3629 500 3678 tlow
509 3628 562 3677 into
572 3631 613 3678 the
645 3629 685 3676 the
696 3638 790 3677 eastern
801 3632 871 3677 shore
883 3631 911 3678 os
925 3630 967 3678 the
981 3632 1035 3679 laha
1051 3633 1158 3694 Maeotis,

99 3698 157 3745 lake
168 3697 197 3744 of
204 3694 317 3758 Bissuga.
645 3694 742 3757 beyond
752 3697 794 3742 tha
805 3695 889 3742 mouth
900 3692 929 3743 ot*
938 3695 980 3743 tha
991 3694 1054 3743 river
1063 3696 1157 3745 Rhom-

134 3769 145 3794 s
164 3761 252 3810 Urbem
267 3759 359 3823 Uspen]
377 3758 483 3807 Nonne
495 3772 568 3806 rnore.
646 3756 712 3821 bitis,
724 3759 763 3807 the
774 3759 872 3808 Kalon.

129 3825 148 3867 s
156 3826 269 3892 Effigiem
282 3824 400 3888 Coesuris]
419 3822 485 3870 With
497 3823 539 3871 the
550 3835 614 3870 same
677 3821 686 3855 ¹
706 3823 792 3873 Frater
804 3823 890 3888 Cotys]
905 3824 951 3871 See
961 3824 1002 3872 ch.
1015 3828 1054 3872 lb.

99 3891 251 3940 ceremonias
262 3903 290 3936 as
303 3889 374 3936 those
390 3887 528 3937 mentioned
542 3887 568 3935 in
580 3888 614 3936 A.
679 3885 691 3919 l
712 3887 835 3949 Eunonen]
859 3888 965 3936 General
979 3888 1006 3936 ol
1020 3887 1061 3936 tha
1078 3885 1157 3949 Aorsi,

99 3952 404 4019 anamartitos..
646 3951 757 4000 clutton
769 3952 897 4002 ischia.

168 4044 225 4095 Toc-
612 4038 649 4090 11.
1070 4040 1092 4088 Β
