2512 4372
53 177 121 248 ao.
136 183 207 271 69.]
367 197 636 249 ursrourasuu
662 199 737 250 cru.
761 203 787 250 r.
862 257 864 261 ,
1036 186 1101 256 241

53 319 195 383 medium
210 320 399 404 intersigna
414 319 573 386 Othonem
594 319 721 385 vexillis
742 320 983 388 circumdarent.
1028 323 1101 388 Nec

54 407 192 471 tribunis
207 418 264 471 aut
283 407 517 472 centurionibus
535 407 674 470 adeundi
689 408 797 471 locus:
820 411 986 493 gregarius
1010 410 1101 475 miles

54 493 198 558 ‘caveri'
220 495 349 577 insuper
373 498 384 529 ‘
396 494 597 577 praepcsitos’
618 493 764 576 jubebat.
808 495 960 578 strepere
985 505 1103 561 cuncta

54 579 244 644 clamoribus
267 589 301 643 et
323 580 463 643 tumultu
488 590 523 643 et
545 578 765 645 exhortatione
788 591 913 656 mutua,
938 604 999 646 non
1021 595 1102 647 tam-

54 688 153 749 quam
167 666 200 729 in
215 666 331 750 populo
346 688 383 731 ac
402 667 505 749 plebe,
521 666 618 731 uariis
639 666 731 750 segni
752 666 935 731 adulatione
952 670 1102 747 vocibusr

54 753 123 827 sed,
141 762 178 815 ut
193 775 353 837 quemque
368 752 575 817 adfluentium
589 751 724 816 militum
738 762 938 836 aspexerant,
954 776 1103 838 prensare
1172 791 1176 802 ·

54 839 212 919 manibus,
229 840 397 923 complecti
420 838 525 913 armis,
548 839 702 903 collocare
715 839 840 923 juxtas
855 841 973 924 praeire
998 864 1102 907 sacra-

54 934 223 1001 mentum?
243 926 335 990 modo
359 925 588 1010 Imperatorem
610 925 776 1002 militibus,
792 927 884 991 modo
911 927 1103 1012 Imperatori

54 1012 173 1075 milites
197 1012 429 1081 commendare.
473 1011 547 1076 Nec
568 1012 680 1076 deerat
705 1011 806 1091 Otho,
821 1014 1012 1097 protendens
1037 1036 1102 1079 ma-

55 1120 127 1179 nus,
144 1098 276 1162 adorare
293 1098 436 1183 vulgum,
447 1098 555 1183 jacere
571 1098 690 1175 oscula,
707 1107 741 1164 et
754 1100 860 1163 omnia
875 1100 1031 1167 serviliter
1044 1124 1102 1185 prc

55 1185 280 1249 dominatione.
324 1187 500 1270 Postquam
512 1186 663 1251 >universa
676 1184 879 1250 classicorum
896 1187 980 1272 legio
993 1209 1104 1259 sacra·

53 1280 197 1336 mentum
222 1273 292 1356 ejus
318 1273 452 1356 accepit,
466 1272 567 1336 fidens
591 1272 722 1350 viribus,
742 1282 787 1349 et,
807 1295 887 1357 quos
911 1273 1015 1338 adhuc
1037 1274 1103 1339 sin·

55 1358 148 1441 gulos
170 1359 443 1435 exstimulaverut,
460 1360 678 1424 accendendos
692 1359 726 1422 in
742 1381 909 1424 commune
930 1370 1029 1436 ratus,
1045 1383 1102 1448 pro

56 1444 142 1508 vallo
159 1454 331 1509 castrorum
346 1446 392 1510 ita
405 1447 569 1529 coepit:-

97 1529 153 1594 37.-
178 1530 283 1610 ‘Quis
298 1532 338 1596 ad
354 1555 410 1597 ros
424 1531 640 1616 processerim,
655 1530 895 1611 commilitones,
910 1531 1018 1596 dicere
1039 1554 1103 1599 non

26 1616 27 1620 ’
55 1639 203 1702 possum:
229 1619 306 1702 quia
324 1640 383 1683 nec
398 1619 555 1701 privatum
571 1639 622 1682 me
645 1638 759 1682 vocare
779 1616 931 1692 sustineo,
949 1617 1104 1704 Princeps

56 1726 77 1786 a
97 1704 188 1768 vohis
207 1706 405 1780 nominatus;
427 1726 486 1769 nec
502 1703 696 1788 Principem,
712 1703 774 1768 alio
788 1703 974 1787 imperante.
1019 1705 1104 1771 Ves-

57 1799 144 1854 trum
170 1813 299 1876 quoque
326 1813 440 1855 nomen
467 1791 500 1854 in
528 1791 648 1855 incerto
671 1790 742 1867 erit,
768 1790 869 1855 donec
894 1790 1102 1874 dubitabitur,

58 1874 288 1960 Imperatorem
302 1879 411 1962 populi
426 1877 564 1942 Romani
577 1877 609 1941 in
624 1877 748 1957 castris,
760 1897 798 1940 an
815 1875 937 1942 hostem
952 1877 1104 1945 habeatis.

58 1963 242 2037 Auditisne,
269 1973 305 2028 ut
334 1987 431 2048 paena
459 1985 531 2028 mea
558 1971 592 2028 et
620 1963 811 2048 supplicium
840 1971 981 2028 vestrum
1010 1966 1104 2030 simul

57 2050 286 2132 postulentur?
325 2053 405 2115 adeo
433 2051 636 2116 manifestum
664 2057 726 2125 cst,
755 2070 861 2134 neque
894 2051 999 2134 perire
1034 2074 1102 2129 nos,

56 2157 163 2220 neque
178 2137 281 2200 salvos
296 2158 377 2217 esse,
393 2137 455 2201 nisi
469 2159 532 2201 una
553 2159 658 2221 posse.
701 2135 756 2213 Et,
776 2137 870 2221 cujus
892 2136 1031 2202 lenitatis
1053 2147 1104 2203 est

59 2220 176 2298 Galba,
196 2223 263 2306 jam
286 2224 421 2288 fortasse
443 2223 604 2308 promisit:
637 2231 676 2288 ut
699 2223 767 2309 qni,
787 2223 873 2288 nullu
896 2232 1103 2308 exposcente,

56 2309 219 2373 totmillia
232 2310 557 2374 innocentissimorum
573 2310 708 2374 militum
723 2309 939 2375 trucidaverit.
979 2309 1105 2376 Honor

56 2395 199 2460 animum
227 2398 323 2472 subit,
351 2397 497 2480 quotiens
528 2398 676 2460 recordor
703 2395 835 2460 feralem
861 2396 1038 2472 introitum,
1068 2407 1104 2463 et

57 2482 139 2546 hanc
159 2482 256 2547 solum
280 2482 394 2547 Galbae
417 2483 595 2559 victorium,
610 2504 683 2547 cnm
703 2483 737 2545 in
760 2482 859 2546 oculis
883 2481 982 2547 Urbis
1004 2484 1103 2548 decu·
1125 2517 1126 2523 κ

56 2570 136 2632 mari
169 2570 294 2634 deditos
318 2571 458 2655 juberet,
489 2592 569 2654 quos
597 2570 803 2655 deprecantes
827 2570 859 2632 in
887 2568 984 2633 fidem
1013 2591 1102 2633 acce·

57 2664 161 2738 perat.
207 2654 270 2720 His
285 2657 431 2741 auspiciis
453 2654 576 2720 Urbem
599 2656 771 2738 ingressus,
786 2677 881 2738 quam
906 2655 1037 2741 gloriam
1061 2657 1103 2720 ad

60 2740 279 2825 Principatum
296 2743 424 2822 adtulit,
440 2742 501 2806 nisi
515 2742 611 2807 occisi
629 2740 812 2807 Obultronii
832 2740 944 2806 Sabini
966 2752 999 2805 et
1022 2741 1104 2806 Cor·

58 2828 137 2892 nelii
152 2829 299 2892 Marcelli
319 2831 352 2892 in
376 2829 544 2912 Hispania,
561 2829 661 2893 Betui
676 2829 817 2895 Chilonis
832 2828 864 2891 in
881 2828 1000 2904 Gallia,
1016 2827 1102 2892 Fon·

57 2915 116 2979 teii
132 2913 297 2998 Capitonis
320 2916 353 2979 in
371 2913 556 2998 Germania,
573 2914 678 2979 Clodii
702 2914 805 2979 Macri
827 2915 859 2978 in
882 2913 1007 2991 Africa,
1025 2913 1102 2978 cin.

55 3001 144 3084 genii
165 3001 198 3065 in
221 3002 284 3077 via,
310 3002 488 3085 Turpiliani
510 3003 543 3067 in
568 3000 670 3079 Urbe,
695 3000 886 3086 Nymphidii
910 3002 942 3065 in
968 3000 1101 3067 castrisl

56 3086 143 3166 Quae
159 3109 293 3172 usquam
315 3088 577 3174 provinciaque
598 3096 704 3153 castra
728 3097 812 3162 sunt,
827 3087 888 3151 nisi
913 3097 1045 3152 cruenta
1068 3098 1103 3154 et

55 3173 239 3252 maculata;
270 3182 338 3255 aut,
354 3183 391 3240 ut
414 3176 483 3260 ipse
504 3176 669 3262 praedicat,
689 3176 858 3239 emendata
880 3181 914 3238 et
935 3175 1102 3241 correctal

87 3381 209 3446 adusto]
225 3383 271 3431 i.e.
284 3383 358 3432 Otho.
595 3380 792 3448 rte-perlaturos.
824 3379 885 3440 Qua
905 3384 981 3434 secuti
998 3391 1102 3434 rectores

87 3449 390 3515 'ProetresucrumentumJ
405 3450 456 3500 The
465 3449 565 3497 formula
596 3463 724 3512 omnesque
749 3448 866 3512 Principis
896 3450 999 3513 proximi
1029 3450 1102 3498 fidem
1125 3497 1127 3502 .

55 3514 85 3562 oi
98 3514 177 3561 which
187 3527 290 3576 appears
306 3522 330 3561 to
348 3530 385 3562 me
401 3523 427 3563 to
443 3515 474 3562 be
489 3514 565 3562 found
596 3514 669 3562 simili
683 3513 797 3577 religione
815 3513 953 3563 firmamur!
983 3515 1062 3563 There
1081 3512 1103 3561 is

10 3614 13 3619 -
54 3579 80 3627 in
93 3579 176 3628 Arum.
191 3579 361 3644 Marcellum,
374 3583 399 3629 4.
430 3579 565 3641 ‘Jussique
596 3578 696 3627 another
716 3579 813 3643 general
832 3579 936 3644 military
955 3581 1020 3641 ceth,
1038 3591 1104 3626 men·

56 3643 160 3692 universi
186 3643 300 3709 [milites]
324 3643 351 3692 in
371 3644 424 3708 ejus
449 3642 564 3708 [Juliani]
596 3642 722 3708 tionedhy
734 3644 822 3713 Veget.
839 3643 866 3702 ii,
885 3650 910 3692 5.
935 3642 1103 3708 ‘[Matriculis

55 3723 143 3757 nomen
157 3707 237 3771 jurare
255 3708 400 3764 solemniter,
411 3708 497 3771 gladiis
514 3722 565 3756 cer·
594 3707 700 3775 issent]
729 3709 810 3775 jurant
838 3708 937 3764 milites,
968 3707 1047 3756 omnis
1076 3719 1103 3752 se

54 3774 149 3822 vicibus
165 3772 216 3821 suis
233 3773 344 3836 admotis,
354 3775 398 3822 sub
409 3768 565 3822 execrationi·
595 3782 691 3822 strenue
704 3773 818 3831 lecturos,
828 3789 882 3838 quae
901 3772 1041 3836 preceperit
1057 3768 1102 3817 im·

54 3839 99 3888 bus
120 3838 179 3886 diris
198 3839 277 3887 verbis
295 3837 407 3902 juravere
432 3836 564 3898 conceptis,
596 3847 699 3903 perator,
707 3855 834 3904 numquam
845 3839 976 3886 deserturos
985 3834 1104 3896 militiam,

55 3918 140 3951 omnes
167 3919 210 3966 pro
235 3919 265 3951 en
289 3918 368 3966 casus,
389 3900 468 3965 quoad
490 3901 564 3950 vitam
595 3919 640 3952 nec
657 3912 757 3955 mortem
770 3911 920 3955 recusaturos
935 3916 979 3965 pro
996 3899 1105 3948 Romana

55 3967 212 4032 profuderint,
231 3969 250 4015 si
275 3967 301 4016 id
321 3967 452 4017 necessitas
477 3980 565 4031 exege·
597 3968 736 4033 republica.¹

121 4057 178 4107 Tur.
517 4083 519 4092 ·
552 4054 589 4111 11.
1017 4052 1048 4099 K
