2512 4372
156 170 222 262 262
483 212 515 259 c.
540 211 724 260 coausurr
750 210 880 258 rscrrr
991 196 1128 277 [aue.
1144 195 1210 287 822.

158 340 278 396 tatem:
311 341 344 394 et
361 331 482 395 deditio
497 340 640 415 accepta.
687 329 725 394 In
749 329 873 395 Julinm
900 328 1108 413 Alpinum,e
1133 333 1211 414 priu-
1252 352 1254 360 ’

159 419 292 500 cipibus,
309 426 347 480 ut
362 420 552 483 concitorem
569 418 652 492 belli,
669 417 797 480 Caecina
818 417 1070 481 animadvertit:
1095 429 1211 482 ceteros

135 565 139 572 .
158 505 262 568 veniae
279 505 328 568 vel
344 506 478 568 saevitiae
493 503 621 567 Vitellii
635 504 774 588 reliquit.

201 591 255 654 69.
281 590 380 655 Haud
410 592 504 654 facile
531 591 620 654 dictu
646 600 706 662 est,
731 591 830 674 legati
855 587 1089 654 Helvetiorum
1113 591 1211 654 minus

159 677 344 760 placabilem
371 677 599 760 Imperatorem
616 699 655 740 an
670 675 803 739 militem
823 676 1029 740 invenerint:
1055 677 1210 742 ‘civitatis

160 764 341 827 excidium’
381 773 532 848 poscunt;
569 764 639 835 tela,
672 785 708 826 ac
744 784 856 827 manus
886 763 919 825 in
949 784 1005 826 ora
1037 763 1210 848 legatorum

159 851 329 917 intentant.
384 851 438 914 Ne
468 849 620 914 Vitellius
647 850 776 933 quidem
806 849 898 913 minis
927 872 965 913 ac
996 852 1107 914 verbis
1137 859 1211 914 tem·

158 939 309 1020 perabat:
345 960 417 1001 cum
448 937 604 1001 Claudius
635 937 762 1010 Cossus,
789 958 870 999 unns
901 957 942 998 ex
973 936 1107 1020 legatiS,
1136 947 1209 1001 note

160 1025 331 1099 facundiae,
349 1025 404 1087 sed
424 1024 553 1087 dicendi
577 1032 676 1086 artem
701 1032 776 1105 apta
802 1021 1015 1104 trepidatione
1041 1025 1209 1096 occultans,

160 1121 258 1194 atque
284 1133 321 1174 eo
348 1110 490 1188 validior,
507 1110 616 1173 militis
643 1109 783 1173 animum
807 1108 988 1193 mitigavit:
1014 1120 1053 1172 ut
1078 1119 1210 1174 estmoe

161 1198 258 1280 vulgo
272 1222 281 1272 3
306 1197 458 1259 mutabile
479 1197 602 1269 subitis,
619 1206 652 1260 et
677 1208 742 1259 tam
757 1217 888 1279 pronum
904 1195 937 1258 in
952 1195 1208 1267 misericordiam,

161 1306 257 1366 quarn
292 1283 495 1346 immodicum
531 1282 655 1347 saevitia
687 1283 813 1346 fuerat:
851 1281 963 1344 effusis
992 1282 1155 1367 lacrymis,
1182 1292 1210 1345 et

160 1370 292 1433 meliora
317 1371 513 1433 constantius
539 1369 739 1454 postulando,
766 1368 990 1452 impunitatem
1014 1370 1210 1454 salutemque

163 1456 286 1519 civitati
301 1456 523 1539 impetravere.
1131 1454 1136 1458 ⁵

205 1543 259 1606 70.
283 1540 543 1626 Caecina'pauces
558 1543 591 1606 in
608 1541 770 1606 Helvetiis
784 1548 923 1606 moratus
945 1541 1026 1617 dies,
1044 1544 1124 1606 dum
1149 1563 1210 1605 seo·

162 1630 272 1692 tentiae
309 1628 434 1693 Vitellii
471 1630 586 1693 certior
618 1631 720 1703 fieret,
750 1629 859 1693 simul
877 1630 1049 1692 transitum
1083 1629 1210 1712 Alpium

161 1737 287 1798 paranS,
303 1715 413 1779 laetum
429 1738 471 1779 ex
486 1715 583 1780 Italia
597 1717 744 1780 nuntium
758 1716 882 1798 accipit,
909 1716 1014 1779 ‘alam
1029 1715 1211 1801 Syllanam‚'

162 1802 247 1866 circa
278 1801 424 1865 Padumr
460 1812 620 1883 agentem,
646 1811 842 1866 sacramento
868 1801 994 1865 Vitellii
1025 1795 1210 1866 accessisse'

163 1886 410 1952 Proconsulem¹
445 1888 613 1953 Vitellium
644 1889 767 1973 Syllani
796 1890 830 1952 in
864 1886 978 1952 Africa
1016 1888 1208 1952 habuerant:

131 2000 133 2005 ¹
162 1996 237 2038 mox
263 1998 282 2038 a
306 1974 449 2053 Nerone,
466 1985 503 2038 ut
522 1976 553 2038 in
578 1976 758 2060 AEgyptum
781 1975 1084 2059 praemitterentur,·
1106 1973 1209 2051 exciti,

162 2071 197 2123 et
211 2063 250 2124 ob
267 2061 383 2124 bellum
398 2061 544 2125 Vindicis
560 2063 711 2135 revocati,
728 2084 766 2124 ac
781 2071 848 2125 tum
864 2063 896 2124 in
918 2060 1017 2124 Italia
1039 2072 1209 2136 manentes,

163 2148 316 2211 instinctu
326 2149 543 2223 decurionum,
556 2149 611 2231 qui
628 2148 766 2213 Othonis
781 2148 894 2230 ignari,
907 2147 1044 2211 Vitellio
1059 2147 1208 2219 obstricti,

162 2237 258 2298 robur
281 2234 523 2298 adventantium
547 2235 707 2318 legionum
731 2243 765 2298 et
786 2235 904 2297 samam
920 2232 1109 2298 Germanici
1123 2254 1209 2299 exer·

163 2322 247 2384 citus
283 2321 479 2394 attollebant,
517 2323 670 2385 transiere
707 2321 740 2383 in
776 2329 903 2404 partes3
941 2330 985 2394 et,
1023 2330 1061 2385 ut
1097 2323 1208 2385 donum

164 2408 293 2491 aliquod
318 2429 399 2471 novo
426 2408 580 2492 Principi,
608 2407 788 2471 firmissima
810 2407 1049 2491 Transpadanae
1076 2407 1208 2493 regionis

163 2493 346 2573 municipia,
375 2494 593 2557 Mediolanum
624 2516 660 2557 ac
690 2492 867 2558 Novariam
895 2501 929 2557 et
959 2493 1157 2577 Eporediam
1177 2513 1208 2557 ac

162 2579 353 2655 Vercellas!
375 2581 563 2662 adjunxere.
608 2579 649 2644 Id
667 2580 806 2645 caecinae
822 2603 880 2664 per
894 2581 979 2663 ipsos
994 2592 1206 2665 compertum:

163 2677 208 2745 et,
231 2667 308 2751 quia
331 2667 478 2751 praesidio
495 2667 553 2731 alae
570 2668 664 2731 unius
683 2668 838 2732 letissima
857 2689 931 2752 pars
954 2667 1063 2732 Italiae
1085 2663 1208 2733 defendi

163 2887 250 2948 capitul
262 2886 288 2934 oi
298 2887 339 2933 the
352 2893 460 2951 country,
471 2886 492 2933 is
502 2885 634 2934 evidenced
646 2892 672 2933 to
704 2883 982 2948 administravit-[qus]
999 2885 1025 2932 iu
1038 2884 1162 2948 provincie
1169 2884 1211 2932 siu·

140 2988 143 2996 .
162 2952 211 2999 this
230 2953 276 3014 day
295 2952 327 3016 by
344 2967 414 3015 many
432 2950 511 3006 relico,
520 2951 600 2998 which
612 2953 672 2997 bare
705 2952 809 3014 gulanam
821 2950 982 2998 innocentiam
998 2951 1111 3014 praestitit
1125 2948 1212 2998 bama

163 3016 225 3063 been
247 3016 377 3080 published
399 3019 431 3081 by
451 3014 559 3064 Schmidt
582 3017 607 3063 in
635 3016 673 3062 his
705 3016 852 3071 continuato,
873 3030 928 3062 cum
946 3015 1089 3064 succedenti
1105 3014 1212 3064 acuite

164 3079 266 3129 Recueil
285 3080 448 3144 d’llntiquites
468 3080 579 3128 trourees
602 3080 617 3126 a
638 3080 673 3128 A·
706 3078 946 3144 gatuseubstitisset’

164 3149 277 3200 vencbes,
289 3148 303 3194 a
315 3148 394 3203 Culm,
407 3159 431 3193 et
441 3162 472 3193 en
488 3145 590 3193 d'antres
605 3145 673 3193 lieux
739 3154 751 3178 ⁰
766 3144 901 3208 Praemitt]
919 3144 949 3191 ln
960 3143 998 3191 bis
1007 3145 1172 3209 preparatione
1181 3143 1210 3192 tu

163 3208 194 3256 de
206 3209 228 3256 la
239 3212 325 3261 Suisse.
706 3223 781 3257 awar
790 3211 815 3257 in
829 3209 962 3273 AEthicpia.

196 3282 208 3304 ²
224 3274 296 3322 Alam
315 3277 451 3340 Syllanam]
473 3275 502 3322 In
520 3275 582 3322 Mes.
598 3273 671 3323 Corb.
736 3273 746 3306 ⁶
763 3276 809 3336 Ep.
819 3291 847 3324 ac
860 3272 903 3335 Κ]
924 3272 1105 3330 Mediolanum,
1120 3274 1210 3327 Bsdat

164 3339 224 3399 Agr.
239 3339 285 3385 aud
300 3341 340 3400 ed.
356 3340 671 3403 puSiluuomandSiluui.
704 3337 819 3400 Novaria,
841 3340 948 3394 Naoura,
969 3339 997 3386 ia
1024 3341 1066 3388 tbe
1087 3339 1211 3391 nonme

164 3403 249 3451 Hence
260 3403 279 3449 it
289 3403 309 3449 ir
324 3407 447 3452 uncertain
461 3406 572 3453 whether
586 3405 607 3453 it
622 3419 672 3452 was
704 3403 831 3467 Eporedia,
848 3404 933 3458 lardo:
957 3402 1089 3462 Vercellae,
1110 3401 1210 3461 Verere,

163 3469 240 3517 called
253 3468 313 3514 nster
323 3469 389 3532 Sylla
397 3485 423 3516 or
433 3470 535 3517 Silanus.
704 3470 730 3518 iu
745 3470 878 3518 Piedmout.
900 3468 1058 3529 Ptin.iii,1t.
1076 3466 1211 3532 ‘Oppiam

197 3533 332 3594 spadum]
359 3533 423 3581 Now
444 3536 483 3582 tlre
505 3536 551 3596 Po,
571 3534 604 3599 by
631 3534 673 3581 the
705 3534 834 3596 Eporedia,
844 3533 1097 3597 Sibyllinisapopulo
1108 3533 1211 3582 Romam

165 3599 260 3647 Greeks
285 3598 364 3646 called
392 3598 518 3654 Eridanus,
545 3600 592 3647 and
618 3598 674 3647 well
705 3598 918 3661 conditumjussis.
952 3597 1090 3661 Eporediae
1103 3597 1212 3646 Gellibo·

164 3667 249 3712 known
263 3663 299 3712 ior
309 3665 349 3710 the
362 3662 514 3726 punishment
523 3663 629 3711 inflicted
643 3679 674 3711 on
706 3679 751 3712 nos
768 3679 880 3726 equorum
899 3663 1029 3711 domitores
1049 3661 1152 3712 vocant!
1173 3661 1211 3708 See

164 3730 284 3778 Phaiton.
316 3727 373 3776 Itis
391 3729 483 3775 tamone
498 3727 534 3775 sor
554 3728 584 3775 its
601 3729 675 3774 tribu·
707 3729 758 3777 also
769 3729 861 3777 Petere.
872 3728 890 3783 i,
903 3733 942 3777 15.
962 3728 1044 3776 There
1055 3724 1212 3776 ismeutioued

164 3804 219 3859 tary
230 3806 336 3849 streame,
348 3793 395 3840 and
409 3792 524 3855 ‘triginta
540 3792 637 3840 flumina
649 3793 675 3841 iu
707 3794 733 3842 iu
751 3809 781 3841 an
800 3793 898 3841 ancient
915 3793 1069 3856 inscription,
1078 3791 1180 3840 Tbebtre
1189 3788 1214 3836 de

164 3875 228 3906 ruere
240 3859 389 3906 Adriaticum
400 3856 496 3910 deiert‚’
512 3857 576 3905 Plio.
587 3857 625 3914 iii,
636 3861 674 3906 lo.
708 3859 802 3915 Saroie,
820 3859 868 3906 vel.
887 3859 903 3912 i,
923 3875 947 3920 p.
969 3863 1024 3907 los.
1041 3873 1066 3905 r.
1086 3868 1211 3906 ιιτιιινι

157 3958 159 3963 -
198 3931 208 3957 ²
235 3920 415 3984 Proconsrlem]
448 3922 516 3969 Suet.
545 3920 629 3969 Vitell.
651 3927 676 3970 5.
708 3920 1212 3983 nrcvrucuronrurtrrrrra‚i.e.‘dr·

165 3987 322 4055 ‘[Vitslliue]
343 3987 536 4054 proconsulatum
555 3985 677 4036 Attice-
708 3987 801 4038 umen)
