2512 4372
153 205 219 325 296
481 221 513 272 c.
539 220 722 299 nonusnrr
748 219 879 272 morri
988 203 1126 293 [aab.
1144 208 1213 277 822.

152 338 292 417 Italiam,
327 351 425 427 atque
450 365 580 407 omnem
601 344 676 408 belli
700 345 918 413 fortunamin
946 346 1094 428 ipsorum
1122 368 1212 412 mann

153 430 275 504 sitam,'
293 428 465 513 jactantes.
511 431 786 495 Contumeliosum
813 433 845 495 id
870 432 1036 508 militibus,
1063 437 1210 498 acerbum

154 516 246 586 duci:
270 524 420 600 corrupta
430 517 548 600 jurgiis
565 527 622 580 aut
640 518 723 581 rixis
739 519 924 602 disciplina:
950 521 991 582 ad
1013 532 1210 603 postremum

153 603 276 687 Valens
290 623 310 664 e
325 603 525 687 petulantia'¹
545 605 642 666 etiam
658 605 822 688 perfidiam
838 607 1059 688 suspectabat.

197 687 251 754 28.
276 687 383 773 Igitur
411 690 523 752 nuntio
549 690 657 768 allato,
692 691 841 774 ‘pulsam
865 693 1090 756 Treverorum
1116 694 1210 757 alant

149 775 369 860 ,Tungrosque
398 798 418 839 a
446 777 546 839 classe
578 775 714 840 Othonis
738 787 773 840 et
798 777 1044 842 Narbonensem
1072 779 1208 844 Galliam

155 863 352 938 circumiri3'
376 862 469 931 simul
493 884 569 925 cura
596 863 696 925 socios
722 864 834 926 tuendi
856 875 890 927 et
913 865 1048 929 militari
1073 875 1150 930 astu
1163 888 1208 945 cof

155 951 262 1013 bortes
278 950 433 1026 turbidas,
449 971 497 1028 ao,
514 949 539 1010 si
556 969 620 1013 una
633 948 750 1024 forent,
771 951 973 1033 praevalidas,
991 953 1206 1037 dispergendi,

155 1046 278 1120 partem
296 1035 491 1100 Batavorum
516 1035 587 1097 ‘ire
607 1036 640 1099 in
655 1036 867 1100 subsidium’r
883 1037 991 1121 jubet.
1042 1037 1144 1118 Quod
1159 1040 1207 1103 ubi

157 1123 302 1189 auditum
333 1123 575 1204 vulgatumque,
604 1143 742 1185 moerere
768 1124 855 1202 socii,
882 1125 1022 1188 fremere
1049 1126 1206 1209 legiones:

156 1210 283 1273 forban
298 1231 332 1272 se
347 1208 589 1271 fortissimorum
606 1209 746 1272 virorum
762 1210 903 1274 auxilio:
930 1221 1065 1274 veteres
1087 1213 1160 1278 illos
1176 1222 1207 1276 ‘ct

158 1306 207 1360 tot
232 1295 384 1359 bellorum
407 1295 555 1370 victores,
582 1306 750 1379 postquam
773 1297 806 1360 in
831 1306 1008 1379 conspectu
1033 1299 1079 1362 sit
1105 1300 1205 1372 bostis,

157 1381 248 1446 velut
263 1402 305 1444 ex
321 1381 390 1445 acie
406 1380 542 1444 abduci:
567 1383 593 1444 si
607 1383 790 1464 provincial
813 1381 904 1447 Urbe
919 1393 953 1446 et
969 1385 1078 1449 salute
1091 1386 1206 1471 imperii

157 1463 262 1552 potior
276 1468 327 1542 sit,
353 1489 460 1530 omnes
485 1468 563 1531 illuc
585 1477 815 1552 sequerentur;
838 1471 886 1532 sin
906 1471 1057 1536 victoriae
1083 1475 1205 1544 sanitas,

156 1554 423 1634 sustentaculum,
445 1554 591 1618 columen
614 1555 646 1618 in
665 1553 762 1630 Italia
782 1565 976 1632 verteretur,
999 1578 1065 1622 non
1087 1563 1205 1624 abrum-

155 1643 287 1725 pendos,
305 1650 343 1704 ut
357 1642 490 1725 corpori,
507 1641 716 1706 validissimos
737 1646 847 1707 artus.'
897 1666 902 1673 ·
1110 1670 1113 1675 ·
1200 1704 1203 1709 .

158 1793 161 1798 ,
200 1729 254 1793 29.
280 1727 365 1792 Haec
387 1728 537 1792 ferociter
547 1728 712 1811 jactando,
729 1738 909 1813 postquam,
925 1730 1079 1796 immissis
1095 1732 1207 1798 lictori·

157 1816 226 1891 bus,
244 1792 364 1879 Valens
379 1836 526 1878 coercere
538 1815 725 1879 seditionem
737 1818 910 1900 coeptabat,
922 1817 1030 1900 ipsum
1043 1819 1205 1891 invadunt,

157 1925 237 1972 saxa
269 1902 406 1986 jaciunt,
446 1901 624 1984 fugientem
664 1912 864 1986 sequuntur:
896 1905 998 1986 spolia
1018 1905 1206 1981 ‘Galliarum

156 1999 190 2057 ,et
208 1988 434 2053 Viennensium
450 2000 584 2051 aurum'
606 1998 640 2051 et
663 1991 767 2073 pretia
787 1990 930 2053 laborum
951 2012 1096 2056 snorum¹
1110 1993 1205 2058 occul·

157 2077 246 2150 tare,'
281 2075 492 2149 clamitantes,
523 2075 657 2158 direptis
687 2077 829 2155 sarcinis,
864 2078 1090 2144 tabernacula·
1108 2079 1203 2151 ducis,

155 2163 322 2246 ipsamque
336 2161 467 2224 humum
483 2161 556 2244 pilis
571 2172 605 2225 et
621 2162 737 2226 lanceis
756 2163 972 2226 rimabantur:
995 2187 1074 2230 nam
1090 2165 1204 2230 Valens

156 2249 266 2312 servili
291 2258 380 2313 veste
401 2249 487 2331 apud
510 2247 714 2311 decurionem
737 2250 882 2333 equitum
898 2251 1084 2333 tegebatur.
1129 2254 1203 2316 'l'um

157 2335 325 2420 Alphenus
341 2334 460 2409 Varus,
477 2334 649 2417 praefectus
664 2343 851 2410 castrorum,
875 2336 1077 2420 deflagrante
1101 2339 1204 2424 paula·

158 2425 215 2487 tim
229 2421 397 2494 seditione,
413 2421 503 2484 addit
518 2421 693 2495 consilium,
709 2423 819 2486 vetitis
841 2423 928 2486 obire
951 2424 1083 2507 vigilias
1104 2437 1205 2491 contu·

156 2510 333 2590 sionibus*
355 2507 469 2572 omisso
498 2508 584 2571 tubae
615 2530 790 2593 sanaque
822 2508 909 2572 miles
932 2511 973 2573 ad
1002 2512 1080 2576 belli
1106 2514 1205 2577 munia

158 2598 271 2660 metim.
318 2592 426 2678 Igitur
454 2603 581 2677 torpere
611 2595 730 2672 cuncti,
760 2595 1028 2679 circumspectare
1063 2601 1151 2664 inter
1176 2618 1205 2661 se

157 2682 304 2756 attoniti3
324 2691 362 2745 et
385 2680 418 2744 id
442 2680 559 2765 ipsum,
576 2683 663 2765 quod
689 2703 781 2746 nemo
805 2692 942 2766 regeret,
969 2695 1149 2767 paventes:
1169 2685 1204 2748 si·

154 2771 264 2845 lentio,
292 2767 456 2853 patientia,
489 2778 646 2851 postremo
671 2769 877 2852 precibusne
907 2770 1056 2854 lacrymis
1085 2773 1203 2838 veniam

158 2858 357 2942 quaerebaut.
402 2852 451 2918 Ut
467 2875 544 2918 vero
558 2855 709 2918 deformis
725 2865 758 2918 et
772 2857 861 2930 flens,
877 2864 911 2919 et
924 2866 1045 2939 praeter
1061 2882 1152 2944 spem
1165 2860 1204 2921 io·

159 2945 290 3009 columis
304 2942 426 3007 Valens
444 2942 607 3024 processit,
624 2941 788 3024 gaudium,
805 2943 977 3022 miseratio,
994 2945 1110 3011 favor:
1131 2942 1204 3010 versi

156 3032 190 3094 in
206 3031 361 3108 laetitiam,
377 3035 428 3108 (ut
442 3036 492 3092 est
508 3028 623 3111 vulgus
643 3038 782 3112 utroque
803 3029 1022 3109 immodicum)
1042 3030 1205 3098 laudantes

158 3127 397 3200 gratantesque,
407 3115 639 3180 circumdatum
653 3116 768 3200 aquilis
783 3117 947 3200 signisque
959 3117 992 3180 in
1006 3120 1149 3184 tribunal
1164 3121 1206 3182 fe·

159 3213 244 3267 runt.
273 3203 334 3265 Ille
351 3202 420 3266 utili
435 3202 651 3265 moderatione
666 3224 727 3265 non
744 3202 936 3287 supplicium
949 3205 1143 3290 cujusquam
1160 3226 1205 3290 po

158 3288 275 3374 poscit:
292 3311 329 3351 ac
339 3310 379 3352 ne
388 3286 588 3353 dissimulans
599 3289 776 3373 suspectior
786 3290 880 3367 foret,
892 3312 1013 3375 paucos
1023 3292 1205 3359 incusaritz‘

191 3481 205 3504 ’²
221 3470 374 3537 Petulantia]
399 3473 434 3521 Of
445 3474 485 3522 the
496 3474 574 3522 bande
585 3474 612 3522 of
625 3473 668 3522 the
731 3481 742 3507 ⁸
760 3473 940 3539 Odisse-cent]
957 3475 1004 3524 See
1017 3475 1051 3526 A.
1060 3492 1104 3533 xv,
1116 3483 1157 3529 8⁰.

159 3538 295 3593 Batavians.
734 3540 852 3588 ‘Paucos
867 3541 999 3604 incusavit]
1027 3542 1128 3606 Lipsius
1144 3538 1208 3591 read·

192 3603 374 3652 arreveraam
385 3602 458 3663 alum]
480 3603 513 3650 H.
525 3603 550 3659 ii,
564 3609 603 3654 14.
698 3605 783 3669 peada
793 3615 819 3652 to
830 3620 861 3652 no
870 3619 975 3668 purpose
986 3623 993 3665 ς
1014 3622 1041 3655 as
1050 3609 1072 3656 it
1081 3609 1104 3657 it
1112 3604 1208 3658 retenta

165 3714 167 3719 .
189 3679 204 3712 Ρ
222 3670 253 3718 Iu
262 3666 405 3729 subsidium]
427 3666 463 3713 Oi
480 3667 560 3716 Gallia
576 3669 669 3719 Narbo·
701 3682 727 3718 to
744 3672 784 3718 tlre
801 3669 893 3734 brerity
904 3669 982 3720 ottho
992 3673 1104 3730 address,
1115 3674 1162 3724 and
1171 3680 1208 3720 not

160 3737 253 3796 neruis.¹
702 3743 727 3783 to
743 3736 785 3783 the
804 3734 939 3793 offenders,
956 3752 988 3783 cn
1005 3737 1048 3785 the
1059 3739 1152 3800 ground
1162 3741 1209 3786 tbrt

191 3809 201 3843 r
220 3795 360 3862 Provincia]
378 3795 459 3845 Gallia
470 3795 645 3848 Narbonensis.
700 3800 733 3848 all
751 3815 814 3848 were
824 3798 849 3847 in
860 3800 931 3856 fault,
943 3803 990 3850 aud
1002 3817 1017 3849 a
1027 3804 1078 3852 lew
1088 3805 1159 3852 could
1170 3810 1209 3849 not

191 3873 202 3897 r
222 3865 388 3921 Viennensium
399 3861 504 3976 auramq]
514 3861 545 3909 ln
556 3862 589 3912 H.
598 3864 616 3919 i,
627 3869 668 3913 66.
699 3865 731 3914 be
742 3863 858 3913 selected.
890 3865 929 3914 He
940 3866 983 3915 did
993 3877 1038 3916 not
1047 3869 1159 3921 consider
1170 3868 1208 3915 ὼε

158 3928 479 3977 wesawtlratValerrsnns
504 3927 573 3976 ribed
586 3930 668 3995 hythe
700 3930 847 3993 paim-akra
890 3930 919 3978 cl
947 3932 989 3981 the
1015 3933 1211 3983 commender-in·

159 3994 301 4062 goldolthe
314 3993 444 4047 Vieuaese.
630 4028 634 4038 ι
701 3994 776 4056 chief,
794 3993 842 4045 ahi
888 4009 937 4045 uu
951 3995 1134 4050 aodecdinll.
1144 3998 1164 4060 i,
1172 4001 1210 4059 tt,
