2512 4372
89 203 248 288 scam]
292 236 303 267 ι
424 217 633 270 snnsururr
663 216 740 265 urs.
767 213 834 270 xv.
1090 197 1157 265 rto

91 351 248 416 cometes,
268 339 425 424 sanguine
446 339 575 404 inlustri
589 360 715 422 semper
737 337 865 403 Neroni
878 337 1071 422 expiatum!
1094 338 1165 405 Bt..

88 430 213 513 cipites
229 428 404 493 homiuum
429 427 605 491 aliorumve
629 426 814 490 animalium
838 437 949 508 partus
972 427 1090 510 abjecti
1115 431 1148 492 in

92 516 271 601 publicum,
287 523 345 579 eut
366 514 401 577 in
418 513 593 588 sacrificiis,
611 515 727 598 quihus
743 512 891 595 gravidas
905 513 1023 577 hostias
1037 514 1148 579 immo

92 603 322 682 laremosest,
338 601 476 684 reperti:
499 601 580 664 etin
597 621 674 682 egro
702 597 922 672 Placentino·
944 599 1027 664 viam
1055 622 1149 685 prop·

95 700 156 763 ter,
191 697 286 753 natus
309 687 439 761 vitulus,
462 686 515 750 cui
538 695 637 770 caput
658 686 691 748 in
717 706 811 749 crure
835 693 941 750 esset:
974 697 1149 772 secutaque

95 776 303 858 haruspicum
317 774 557 856 interpretatio:
575 772 702 856 ‘parari
716 793 822 836 rerum
838 771 1048 836 humanarum
1062 776 1150 839 eliud

95 871 216 946 caput:
239 862 296 926 sed
319 882 383 925 non
405 861 474 925 fore
497 859 649 936 validum,
671 881 776 943 neque
791 859 975 935 occultnmr
997 861 1150 944 quianon

94 951 128 1013 in
144 960 239 1013 utero
254 947 472 1032 repressum!
489 955 524 1010 at
538 949 600 1009 iter
610 946 709 1030 juxta
723 946 846 1010 editum
861 945 928 1010 sit!
1194 1012 1199 1021 ,

95 1091 101 1101 .
139 1035 340 1118 48.’[Δ.υ.ο.
351 1033 428 1098 818.
444 1033 587 1114 t.c.65.]
605 1031 851 1097 Ineuntdeiude
862 1032 1083 1097 consolatorie
1098 1034 1150 1099 Si·

95 1123 159 1186 lius
173 1121 286 1187 Nerva
304 1131 339 1185 et
355 1119 485 1185 Atticus
506 1118 670 1192 Vestinus,
687 1128 795 1203 coepte
809 1119 903 1184 simul
917 1129 952 1184 et
967 1131 1061 1184 sucta
1076 1142 1151 1185 con·

93 1210 270 1294 juratione,
294 1208 324 1272 iu
347 1229 445 1291 quem
465 1206 612 1271 certatim
634 1206 760 1270 nomina
783 1205 950 1282 dederant,
976 1218 1150 1282 senatores,

96 1317 211 1381 eques,
226 1295 329 1367 miles,
345 1293 487 1358 foemineo
502 1293 610 1365 etiam,
627 1313 700 1356 oum
714 1293 788 1356 odio
802 1290 952 1369 Neronis,
964 1302 1031 1358 tum
1043 1294 1152 1359 favore

96 1383 130 1446 in
148 1381 189 1446 C·
205 1382 391 1447 Pisonem*
444 1379 479 1444 Is
505 1379 680 1462 Calpurnio
707 1399 825 1461 genero
845 1389 946 1455 ortus,
972 1402 1010 1445 so
1034 1381 1151 1448 multas

97 1471 305 1553 insignesque
333 1467 469 1532 familias
493 1474 626 1550 paterna
651 1465 816 1530 nobilitate
842 1467 1038 1550 complexus,
1066 1469 1152 1534 claro
1240 1463 1252 1487 ⁹

99 1559 186 1640 apud
200 1556 333 1638 vulgum
346 1576 474 1619 rumore
482 1562 565 1625 erat·
575 1574 633 1636 per
642 1553 804 1636 uirtutem,
817 1562 875 1617 aut
890 1554 1011 1636 species
1023 1556 1153 1619 virtuti·

99 1645 160 1707 hus
180 1643 321 1706 similes:
352 1662 491 1726 namque
513 1639 695 1704 facundiam
718 1639 845 1702 tuendis
869 1639 993 1704 civibus
1021 1663 1154 1706 exerce·

99 1732 164 1801 hat,
182 1729 383 1813 largitionem
399 1730 553 1792 adversus
568 1726 705 1800 etnicos3
728 1734 762 1788 et
783 1725 900 1808 ignotis
920 1748 1050 1811 quoque
1070 1727 1153 1792 comi

99 1837 247 1880 sermone
270 1824 304 1879 et
332 1837 515 1899 congressu.
561 1814 710 1878 Aderant
737 1811 835 1876 etiarn
864 1813 1154 1900 fortuita,·corpus

97 2026 104 2054 ³
133 2040 146 2076 ⁴
167 2041 368 2106 Semper-exp]
392 2039 493 2089 Grotius
509 2038 613 2152 rey‘rcted
673 2035 691 2080 s
704 2037 939 2103 Non-repressum]
956 2037 1013 2087 This
1030 2039 1051 2088 is
1066 2041 1107 2092 the
1118 2044 1155 2091 iu·

99 2124 209 2172 semper:
227 2122 242 2155 a
255 2112 336 2154 >corbet
351 2106 422 2169 being
440 2121 472 2153 uc
489 2107 553 2169 daiy
570 2120 612 2168 ep·
645 2103 769 2167 dubitebly
781 2112 835 2151 true
845 2103 979 2151 correction
990 2105 1016 2152 of
1026 2106 1146 2156 Muretus.

99 2189 228 2238 petram
269 2173 373 2236 Bentley
401 2173 489 2220 retsius
515 2186 613 2233 senrper.
677 2168 875 2229 'Contulutmnl
895 2169 924 2216 Δ.
934 2168 1014 2217 Licin.
1025 2169 1106 2219 Neres
1117 2174 1155 2222 Si-

100 2241 145 2287 hut
170 2239 258 2302 rejects
283 2238 384 2286 Neroni.
417 2237 437 2285 T
438 2238 481 2284 hat
512 2238 615 2300 nothing
646 2234 715 2281 lenus
735 2233 782 2282 sud
801 2233 840 2281 M·
861 2233 975 2282 Vestinus
994 2234 1091 2284 Atticus
1114 2255 1155 2287 eu·

101 2304 190 2352 should
214 2303 252 2350 he‘
263 2301 378 2364 rejected,
398 2317 435 2349 we
457 2317 514 2366 may
531 2302 614 2364 guther
646 2297 713 2346 tered
735 2314 766 2347 ou
786 2299 828 2347 the
843 2298 973 2347 ,consulate
992 2316 1079 2351 s.u.c.
1098 2307 1156 2353 818.

100 2370 160 2418 from
172 2367 260 2431 Pliny,
269 2367 296 2422 ii,
307 2374 349 2417 ⁸25.
371 2375 377 2396 ⁶
389 2366 528 2431 [Cometes]
546 2366 615 2414 terri·
646 2381 692 2413 no.
701 2367 743 2411 65.

81 2435 174 2483 deum
193 2447 282 2495 magns
297 2448 326 2480 ex
343 2443 408 2494 parte
427 2431 502 2488 sidus,
522 2446 550 2480 ec
566 2447 615 2480 non
679 2426 878 2491 lamentum]
904 2427 951 2476 His
968 2431 1109 2496 conspiracy
1134 2435 1156 2482 is

86 2516 90 2522 ¹
101 2501 186 2548 leviter
197 2500 300 2562 piatum,
311 2505 339 2546 ut
349 2496 414 2544 cirili
425 2506 502 2557 motu,
513 2495 615 2544 Osterio
646 2493 784 2541 mentioned
793 2493 842 2541 slso
850 2495 883 2558 by
891 2493 959 2542 Suet.
969 2494 1028 2544 Ner.
1040 2499 1081 2545 ³6.
1098 2496 1157 2556 Dio,

101 2563 215 2623 consule3
243 2565 378 2624 iterumque
393 2561 503 2626 Pompeii
516 2570 543 2608 et
558 2562 613 2610 Cae·
645 2559 698 2615 lxii,
710 2574 734 2621 p.
745 2561 802 2607 tra.
819 2568 893 2606 states
904 2559 922 2605 it
932 2559 1067 2625 obscurely,
1078 2577 1105 2610 ss
1117 2565 1157 2613 his

101 2631 161 2678 saris
179 2629 255 2676 bello.
288 2627 614 2676 Iunostrovorooevocirca
644 2624 737 2687 history
761 2623 784 2672 ie
810 2623 868 2677 here
891 2624 1027 2673 mutiluted.
1060 2625 1073 2673 I
1095 2632 1156 2677 struit

101 2694 255 2748 veneficium,
276 2707 324 2756 quo
351 2693 468 2741 Claudius
487 2692 615 2755 imperium
645 2699 719 2751 quote
730 2703 746 2736 u
756 2689 873 2750 fragment
883 2689 955 2737 shont
969 2689 1026 2739 Piso
1036 2690 1098 2740 frum
1114 2697 1164 2743 the·

101 2761 199 2824 reliquit
217 2759 325 2806 Domitio
342 2757 451 2806 Neronis
476 2772 505 2806 sc
525 2757 615 2806 deinde
645 2754 805 2802 Scholiastou
821 2754 982 2810 Jus.r‚109.
1002 2759 1014 2818 f
1026 2755 1083 2804 Piso
1098 2758 1156 2808 Cel-

101 2825 239 2889 principstu
250 2825 303 2888 ejus
314 2823 434 2872 assiduum
445 2837 520 2887 prope
532 2837 560 2869 ao
570 2838 614 2869 sc·
648 2819 962 2883 purnius.ttntiqusfenrilie‚
970 2822 1157 2874 scenirohubitu

102 2889 173 2938 som!
210 2887 258 2936 We
271 2905 319 2937 saw
331 2890 353 2935 in
367 2889 433 2938 Anu.
450 2888 501 2950 xiv,
512 2891 553 2937 22.
563 2888 616 2936 that
647 2885 772 2946 trrgoerlies
793 2885 917 2934 astiterit:
940 2886 966 2933 in
987 2885 1157 2939 tsuuncutato·

104 2972 116 3002 e
128 2962 209 3005 comet
218 2969 269 3000 was
280 2953 391 3014 expiated
402 2955 433 3017 hy
445 2956 485 3001 the
503 2951 574 3000 blood
590 2953 617 3000 of
646 2965 698 2997 rum
715 2950 769 2998 lusu
785 2958 833 2998 tom
844 2950 961 3012 perfectus
972 2960 998 2998 et
1008 2952 1118 3006 callidos.
1129 2965 1157 3016 ut

100 3019 233 3068 Rubellius
251 3019 361 3067 Plautus.
391 3019 470 3066 These
486 3018 551 3067 cruel
572 3032 615 3064 ex·
647 3017 742 3063 adeum
755 3014 867 3063 latentem
878 3025 1019 3066 curreretur.
1054 3019 1156 3070 Obhaec

104 3085 209 3148 pisticus
221 3098 284 3131 were
294 3083 378 3147 taught
388 3083 453 3132 Nero
463 3084 494 3145 hy
510 3082 617 3139 Babilus,
647 3079 781 3127 insinuetur
797 3081 825 3130 C.
836 3080 936 3139 Censori,
946 3090 1071 3144 repetente
1083 3085 1158 3149 (forte

105 3167 135 3198 sn
154 3150 298 3212 astrologer.
321 3150 387 3197 Suet.
399 3148 456 3197 Ner.
469 3152 509 3196 36.
526 3146 617 3196 ‘Stells
649 3146 757 3207 repente)
783 3145 856 3193 etiam
881 3145 998 3209 relegatus
1023 3158 1070 3205 est,
1092 3155 1157 3214 quod

104 3215 202 3274 crinita,
212 3230 268 3277 qu
279 3213 377 3262 summis
394 3214 554 3274 potestatibus
565 3213 618 3260 exi·
650 3207 846 3257 cousuetudinem
863 3209 968 3271 pristine
995 3215 1085 3270 uxoris,
1116 3217 1157 3265 eh-

105 3280 166 3338 tipm
186 3278 331 3343 portendere
359 3280 429 3342 vulgo
452 3279 563 3340 putatur‚'
575 3293 619 3341 per
650 3276 729 3322 duotte
746 3275 793 3323 sibi
809 3274 839 3322 sb
856 3273 919 3337 ipso,
938 3275 1024 3326 deindo
1042 3282 1158 3340 remisere,

104 3347 232 3394 strutiones
251 3355 336 3392 noctes
351 3344 406 3391 oriri
422 3351 534 3405 eoepemt.
552 3344 618 3390 ,Λιι-
647 3341 775 3402 repetiisse
800 3339 986 3390 existimabatur.
1025 3343 1086 3392 Mor
1114 3348 1158 3394 sub

105 3412 161 3460 xius
178 3425 208 3458 ee
222 3425 260 3469 re,
276 3419 303 3456 ut
316 3424 347 3457 ex
358 3408 442 3457 Babilo
453 3408 572 3471 astrologo
582 3407 618 3455 di·
650 3405 752 3453 Cluudio
764 3406 893 3461 restitutus,
903 3414 928 3454 et
940 3411 1158 3467 postconsulatum

106 3476 172 3531 dicit,
187 3475 263 3525 solere
279 3489 349 3537 reges
366 3474 424 3522 talio
438 3482 533 3522 ostentu
552 3472 618 3521 corde
649 3479 759 3518 materna
775 3470 915 3519 hereditate
933 3473 1032 3530 ditetur,
1050 3476 1158 3538 magnifr-

107 3540 189 3604 eliqua
201 3539 291 3588 illustri
305 3539 411 3602 expiere,
424 3550 497 3601 atque
512 3553 527 3586 a
542 3548 619 3588 semet
650 3534 802 3584 centissinrus
822 3534 891 3593 vixit,
915 3537 1008 3586 meritis
1033 3541 1158 3587 sublevare

106 3607 131 3654 in
152 3605 379 3669 cepita.procerum
397 3603 535 3667 depellere3
551 3603 618 3650 nobl-
649 3601 736 3663 inopes
749 3616 779 3648 ex
795 3608 893 3664 utroque
910 3602 993 3650 ordine
1009 3603 1109 3661 solitus;
1127 3606 1158 3653 de

105 3672 200 3719 lissimo
227 3671 315 3733 cuique
340 3669 442 3718 exiliunt
471 3667 619 3716 destinarit!
649 3666 806 3728 plebesutem
815 3675 894 3716 certos
902 3667 1028 3730 quotannis
1037 3669 1067 3714 ed
1075 3683 1159 3731 eques-

103 3734 289 3795 irridebitur,
305 3750 320 3783 s
336 3735 389 3782 rain
408 3736 455 3782 sud
475 3735 545 3781 derce
562 3734 618 3782 che·
650 3739 710 3779 trem
737 3747 837 3780 censum
863 3731 1050 3795 dignitatemque
1076 3748 1159 3795 prore-

106 3811 195 3858 meter.
209 3801 233 3850 is
247 3814 263 3849 o
279 3799 392 3853 different
408 3814 493 3862 person
509 3799 571 3847 from
588 3797 619 3847 C.
650 3795 725 3844 here!
749 3796 957 3846 HenceJuv.l.c.
976 3794 1071 3843 ‘Nemo
1088 3800 1159 3857 petit,

107 3866 239 3926 Balbilluq.
251 3866 317 3912 Anu.
330 3866 379 3918 xiii.
393 3869 433 3913 22.
651 3861 754 3911 modicis
772 3878 826 3924 quae
855 3861 1009 3909 mittebantur
1030 3860 1114 3908 etnicis
1136 3862 1159 3907 A

92 3958 99 3972 ·
142 3931 239 3994 ‘Agre
258 3931 340 3996 Plan]
368 3931 417 3980 Thr
432 3929 547 3992 dreigos
560 3930 619 3980 Pio·
652 3927 753 3981 Sensus,
772 3942 826 3990 qum
843 3925 899 3974 Piso
917 3926 1002 3987 bouus,
1018 3940 1070 3988 quor
1089 3926 1162 3978 Cotti

103 4013 189 4052 urso.
241 4045 244 4051 ,
399 4038 402 4043 .
652 3993 742 4047 solebat
754 3991 861 4054 Largiri!
1147 3990 1169 4027 Ν
