2512 4372
57 215 125 270 uo.
140 205 212 288 69.]
385 217 654 270 ursronranun
678 224 752 273 urs.
770 225 796 274 1.
1039 195 1107 278 '225

59 344 170 408 nere*
235 341 384 427 Regebat
421 352 488 407 tum
524 343 673 407 Tiberius
688 335 692 341 ’
707 332 937 419 ΑΙθκαηάει,”
958 347 1103 432 ejusdem

60 430 207 493 nationis.
252 430 364 493 Africa
389 452 426 493 ec
457 429 595 514 legiones
623 430 656 492 in
684 442 756 509 ea,'”
791 431 959 497 interfecto
989 433 1103 511 Clodio

62 514 186 591 Macro,
203 525 360 580 contentae
383 516 606 601 qualicumque
629 515 787 600 Principe,
812 528 882 600 post
904 521 1105 608 experimen

62 611 131 665 tum
147 601 267 666 domini
285 603 440 666 minoris!⁸
483 601 568 665 Duae
592 601 825 678 Mauretaniae,⁰
847 603 986 681 Rhaetia,
1006 605 1104 671 Nori-

61 698 161 763 cum?
182 689 329 764 Thracia,
346 698 379 753 et
398 711 471 773 quae
486 689 557 752 aliae
579 690 833 773 procuratoribus
856 692 1051 769 cohibentur,
1069 703 1106 757 ut

62 778 182 858 cuique
205 776 361 840 exercitui
384 776 507 856 vicinae,
527 776 573 840 ita
594 775 635 839 in⁴
650 776 791 840 favorem
816 786 873 858 aut
896 779 1004 842 odium
1031 802 1104 843 con·

63 871 153 927 tactu
167 863 375 926 valentiorum
394 864 579 947 agebantur.
624 860 767 927 [uermes
790 865 986 946 provinciaefl
1007 874 1105 950 atque

63 949 133 1032 ipsa
160 948 193 1011 in
223 949 331 1032 primis
361 948 466 1024 Italia,
496 950 687 1032 cuicumque
722 950 851 1014 servitio
886 951 1042 1035 exposita,
1072 952 1106 1016 in

62 1035 201 1118 pretium
216 1035 291 1099 belli
306 1057 441 1100 cessurae
456 1045 557 1102 erant.
603 1034 668 1099 Hic
686 1035 751 1099 fuit
764 1057 869 1101 rerum
887 1036 1106 1106 Romanarum

63 1129 176 1198 status,
202 1143 274 1186 cum
301 1121 371 1185 Ser.
398 1120 502 1186 Galba
523 1122 651 1197 iterum,
675 1122 769 1186 Titus
797 1122 925 1200 Vinius,
948 1125 1105 1203 consules,

61 1207 253 1273 inchoavere
278 1230 404 1284 annum,
435 1209 495 1273 sibi
525 1209 681 1290 ultimum,
711 1209 893 1294 reipublicae
921 1233 1020 1296 prope
1054 1233 1106 1275 su·

62 1315 218 1378 premam.
916 1327 921 1337 v

107 1382 160 1446 12.
187 1381 304 1446 Paucis
331 1391 404 1466 post
432 1380 590 1449 Calendas
618 1381 787 1447 lanuarias
817 1383 929 1449 diebus
959 1383 1108 1469 Pompeii

65 1466 254 1553 Propinqui,
284 1469 506 1552 procuratoris,
541 1491 560 1532 e
588 1468 745 1552 Belgica'
779 1469 881 1534 literae
910 1472 1106 1536 afferuntur:

64 1555 258 1638 ‘superioris
283 1554 466 1620 Germaniae
491 1554 662 1640 legiones,⁸
686 1563 781 1639 rupta
805 1557 993 1621 sacramenti
1017 1579 1107 1621 reve-

63 1642 190 1714 rentia,‘
211 1641 440 1726 Imperatorem
455 1641 550 1705 alium
566 1641 722 1726 flagitare,
743 1648 778 1704 et
799 1644 923 1706 senatui
940 1666 977 1708 ao
992 1645 1109 1728 populo

65 1728 212 1792 Romano
249 1729 412 1793 arbitrium
447 1728 588 1812 eligendi
626 1727 850 1811 permittere3’
894 1752 957 1814 quo
993 1731 1108 1794 seditio
1213 1805 1216 1816 ·

64 1814 191 1878 mollius
206 1815 414 1898 acciperetur.
461 1813 640 1878 Maturavit
662 1835 701 1877 ea
719 1835 770 1878 res
794 1815 957 1879 consilium
983 1815 1107 1891 Galbae,

60 1900 252 1985 jampridem
266 1904 306 1965 de
323 1903 492 1986 adoptione
507 1923 614 1965 seeum
629 1909 663 1964 et
678 1901 923 1987 'eumproximis
946 1903 1107 1987 agitantis

68 1985 144 2050 Nou
171 2009 246 2053 sane
270 1989 409 2052 crebrior
437 1997 506 2052 tota
534 1987 665 2052 civitate
689 2009 791 2052 sermo
816 2009 873 2072 per
892 1989 962 2053 illos
984 2012 1108 2054 menses

65 2072 196 2148 fuerat;
216 2075 351 2158 primum
378 2075 508 2138 lieentia
530 2097 566 2138 ac
593 2073 722 2138 libidine
748 2074 825 2138 talia
848 2075 1008 2158 loquendi,
1035 2077 1108 2140 dein

66 2159 150 2224 fessa
169 2161 237 2245 jam
259 2170 354 2226 aetate
377 2160 500 2226 Galbae.
545 2157 662 2224 Paucis
673 2161 840 2245 judicium,
857 2170 912 2225 aut
926 2163 1108 2246 reipublicae

66 2267 177 2334 amor:-
207 2247 299 2311 multi
324 2245 450 2313 occulta
474 2269 541 2330 spe,
557 2256 653 2331 prout
678 2247 752 2330 quis
777 2249 896 2311 amicus
922 2247 974 2312 vel
999 2249 1108 2323 cliens,

65 2332 151 2397 hunc
173 2334 328 2398 velillum
344 2334 516 2399 ambitiosis
535 2334 713 2397 rumoribus
737 2334 948 2407 destinabant,
964 2335 1060 2398 etiam
1075 2335 1108 2398 in

64 2419 103 2484 Τ.
119 2419 210 2484 Vinii
226 2423 330 2484 odium
347 2420 552 2494 diverterant,
570 2421 626 2504 qui
649 2420 681 2483 in
704 2419 772 2482 dies
796 2430 915 2504 quanto
938 2419 1108 2504 potentior,

64 2507 177 2571 eodem
193 2516 266 2571 actu
282 2507 410 2572 invisior
423 2517 502 2572 erat.
548 2505 678 2591 Quippe
701 2505 834 2581 hiantes,
851 2507 883 2569 in
907 2529 1023 2591 magna
1045 2509 1110 2571 ἴον·1

64 2700 129 2740 certe
141 2690 308 2756 cujuscumque
319 2692 376 2741 artis
385 2700 411 2739 et
424 2692 534 2740 videntur
545 2692 572 2738 'et
634 2698 646 2732 s
662 2689 751 2738 lucrm.
760 2688 810 2753 pa]
826 2689 856 2738 In
867 2690 946 2739 which
962 2691 1029 2740 there
1045 2708 1108 2741 vvere

64 2757 189 2805 habentur.
221 2757 351 2821 Podagrosi
367 2756 432 2821 quod
446 2757 571 2821 sgantha·
601 2770 633 2803 no
643 2754 746 2819 military
755 2755 881 2818 ganisons.
1130 2764 1135 2772 “

63 2822 134 2870 beat:
158 2823 248 2871 hubent
262 2825 319 2872 caci
337 2823 400 2887 quod
416 2823 518 2872 iaciant:
541 2836 571 2869 uo
634 2820 747 2884 rnen]
764 2820 848 2884 Belgir
860 2819 933 2871 Gaul.
962 2820 1108 2882 ‘Ascalde,

63 2887 190 2975 chiragrici
200 2888 296 2952 quidem
306 2889 370 2952 apud
389 2901 431 2934 eor
448 2887 519 2936 otiosi
535 2887 572 2935 ri·
600 2884 1112 2998 ghedrheldtfladsequanum,[theSeina]

62 2961 130 3001 runt.
158 2951 421 3016 Vopisc.inSaturuiu.
430 2953 481 3000 viii.
623 2949 883 3013 elgica,'Plin.iv‚17.

94 3014 202 3067 *Domi
221 3019 278 3082 reb]
303 3019 340 3066 To
355 3026 457 3081 prevent
472 3017 493 3064 it
509 3015 591 3074 from,
633 3014 789 3076 'Legioned
815 3013 979 3064 Commended
997 3017 1030 3082 by
1046 3017 1109 3068 Hor·

62 3081 166 3147 forming
173 3097 221 3148 any
228 3085 299 3147 plens
305 3083 402 3132 derived
408 3082 570 3143 iromnbroad,
602 3081 705 3127 deonius
715 3080 831 3129 Flaccus:
848 3081 887 3129 ch.
898 3084 922 3128 9.

62 3147 111 3198 and
122 3149 173 3196 that
182 3151 249 3198 there
259 3147 346 3198 should
355 3150 386 3197 be
401 3159 433 3196 aa
451 3148 572 3196 materiale
635 3146 644 3178 ⁸
661 3144 1109 3207 Reuerentia]Suet.Gslb.16.‘Max-

62 3204 252 3262 lorrevolation.
604 3210 651 3258 irne
678 3210 794 3258 fremebat
820 3209 951 3272 superioris
974 3209 1109 3262 Germania

97 3275 105 3310 ⁸
122 3279 175 3328 lib.
187 3280 270 3344 Alam]
291 3277 355 3326 Who
365 3292 444 3326 seems
454 3285 479 3325 to
490 3279 519 3325 be
530 3277 572 3325 the
604 3274 731 3336 exercitus,
741 3273 844 3323 fraudari
853 3289 879 3322 se
897 3275 1002 3338 premiis
1017 3289 1110 3328 navate

65 3356 129 3390 rame
148 3358 233 3410 person
250 3359 279 3392 as
290 3344 343 3391 that
353 3344 491 3392 mentioned
502 3344 528 3392 iu
538 3342 575 3390 A.
603 3341 717 3388 adversus
735 3339 819 3388 Gallos
836 3347 861 3386 et
879 3339 1007 3389 Vindicem
1023 3359 1110 3406 operae.

62 3411 155 3464 xv,28.
211 3403 213 3409 ’
603 3405 668 3468 Ergo
684 3406 753 3468 primi
770 3404 910 3466 obsequium
923 3420 1034 3469 rumpere
1051 3408 1112 3466 ausi,

96 3479 117 3503 ¹·
132 3471 171 3522 Aa
181 3474 227 3538 leg·
238 3473 264 3522 in
278 3471 317 3534 en]
331 3468 418 3520 'These
435 3471 513 3521 words
531 3487 571 3520 ars
603 3469 721 3518 Kalendis
741 3469 850 3518 Jauuarii
870 3469 935 3532 adigi
952 3482 1109 3532 sacramento,

64 3537 168 3600 perhaps
178 3539 333 3602 superfluous.
602 3535 649 3583 nisi
675 3535 699 3582 in
721 3550 806 3583 nomen
831 3541 934 3590 senatus,
957 3546 1109 3587 recusarunt:

97 3609 111 3633 '¹
129 3604 199 3653 Dom.
211 3605 282 3668 mia]
300 3602 397 3652 Clodius
407 3603 498 3657 Macer,
507 3615 572 3648 more
603 3600 730 3663 statimque
747 3599 889 3662 legationem
908 3602 938 3647 ad
957 3601 1110 3663 praetorianos

64 3667 191 3730 rapaeions
213 3668 260 3716 and
280 3669 343 3716 rruel
371 3668 428 3716 than
452 3683 498 3732 any
525 3681 574 3713 eru·
604 3680 660 3714 cum
683 3664 799 3713 mandatis
820 3665 1008 3740 destinaverunt,
1026 3666 1109 3728 displi-

63 3746 187 3846 ''⁰5⁰li..
205 3796 256 3859 ra]
280 3796 453 3860 caligularum
473 3793 570 3844 arvina
602 3729 1109 3858 iiiiiiiieiilis‘l'iihfiillidiiiiiiiii

63 3859 468 3924 Maurerauiuiutorwopreviuees.
600 3859 797 3923 comprobarent)
818 3860 863 3908 See
883 3860 933 3908 also
949 3858 1015 3909 Plut.
1034 3858 1108 3909 Galb.

92 3934 108 3969 r
127 3925 233 3979 amru.
245 3927 370 3992 Noricam]
385 3927 446 3976 Now
456 3926 495 3978 the
508 3925 567 3974 Gri·
600 3941 626 3990 p.
638 3930 711 3976 loun.

64 3990 119 4042 war
129 3989 177 4040 sud
190 3990 302 4044 emur.
