2512 4372
54 199 210 288 neom]
276 218 285 229 ·
359 219 567 268 auunnruu
601 219 675 270 ura.
706 219 790 271 xrv.
1043 204 1109 270 137
1186 242 1189 249 κ

57 338 218 403 relatum:
241 337 334 423 cujus
355 346 498 422 aspectu,
514 337 596 421 (ipsa
621 337 780 423 Principis
803 340 901 402 verba
926 339 1107 418 referaml)

59 435 68 459 ⁶
86 425 199 504 Quin,'
221 425 336 509 inquit,
350 429 370 460 ·‘
387 423 490 503 Nero,
506 424 649 508 deposito
667 436 776 500 metu,
792 426 919 507 nuptias
944 425 1105 510 Poppaeae,

57 513 99 576 ob
115 512 274 596 ejusmodi
289 519 424 575 terrores
439 511 566 589 dilatas,
582 520 742 574 maturare
756 522 858 595 parat,
873 510 1107 595 Octaviamque

59 599 230 683 conjugem
253 598 386 671 amoliri,
410 598 555 681 quamvis
578 598 721 661 modeste
747 605 832 681 agat,
847 609 881 661 et
903 599 1028 662 nomine
1051 618 1106 682 pa-

59 683 142 763 tris,''
163 694 197 749 et
221 684 336 749 studiis
359 683 469 769 populi
493 683 663 767 graveml'
688 684 754 748 Sed
778 685 818 747 ad
836 694 981 748 senatum
991 686 1106 749 literas

60 773 159 846 misit,
184 772 225 836 de
249 771 338 834 caede
365 770 464 833 Sullae
490 769 666 854 Plautique
688 770 771 834 haud
789 771 972 845 confessus3
994 792 1106 834 verum

61 867 70 894 ‘
86 858 259 940 utriusque
275 857 436 920 turbidum
451 856 616 940 ingenium
631 878 712 931 esse,
728 865 762 920 et
776 857 836 919 sibi
856 857 1106 921 incolumitatem

59 943 244 1028 reipublicae
261 965 375 1027 magna
390 964 466 1006 cura
481 942 611 1007 haberi!
651 942 801 1006 Decretae
817 944 996 1007 eonomine
1013 954 1112 1028 ‘sup'

59 1031 259 1116 plicationes,
284 1041 386 1114 utque
409 1030 500 1093 Sulla
522 1038 556 1092 et
581 1027 718 1092 Plautus
744 1041 868 1094 senatu.
883 1031 1106 1109 moverentur,'

16 1169 17 1172 ,
60 1116 261 1209 gravioribus
276 1125 381 1180 tamen
396 1115 553 1195 ludibriis,
570 1137 665 1200 quam
680 1115 796 1180 malis!

100 1204 157 1268 60.
181 1201 288 1288 Igitur
311 1211 441 1286 accepto
467 1213 593 1287 patrum
618 1201 773 1280 consulto,
797 1212 972 1288 postquam*
992 1214 1108 1267 cuncta

60 1291 217 1354 scelerum
234 1310 359 1354 suornm
381 1311 437 1373 pro
452 1290 589 1373 egregiis
604 1289 706 1373 accipi
722 1289 822 1368 videt,
839 1291 990 1354 exturbat
1007 1288 1109 1353 Octa·

61 1376 158 1447 viam,
183 1376 366 1440 ‘sterilem'
389 1376 548 1440 dictitans.
594 1375 680 1438 Exin
697 1374 867 1460 Poppaeaa‘
889 1374 1116 1461 conjungitur,

61 1461 109 1526 Ea
133 1462 192 1526 diu
216 1462 333 1547 pellex,
355 1470 388 1525 et
411 1462 549 1526 adulteri
576 1461 723 1537 Neronis,
749 1484 825 1526 mox
851 1464 957 1527 mariti
983 1474 1106 1546 potens,

61 1549 233 1633 quemdam
261 1571 304 1613 ex
333 1548 483 1612 ministris
513 1547 661 1612 Octaviae
689 1548 828 1631 impulit,
868 1549 1040 1613 ‘servilem
1078 1550 1114 1612 ei·

62 1634 223 1700 amorem'
245 1635 403 1720 objicere:
437 1634 680 1718 destinaturque
708 1656 782 1697 reus
804 1645 1013 1720 cognomento
1040 1635 1110 1699 Eu-

63 1743 170 1796 oerns,
189 1721 318 1785 natione
343 1720 592 1800 Alexandrinus,
617 1742 731 1784 canere
746 1721 833 1784 tibiis
848 1725 970 1788 doctus.
1015 1721 1109 1786 Actae

62 1810 100 1873 ob
115 1809 151 1872 id
167 1808 209 1872 de
224 1808 345 1872 ancillis
359 1807 562 1892 quaestiones,
580 1817 614 1870 et
629 1808 662 1870 vi
679 1819 904 1872 tormentorum
923 1809 1015 1872 victis
1038 1811 1111 1893 qui·

62 1895 209 1971 busdam,
217 1902 258 1958 ut
272 1895 354 1959 falsa
368 1896 554 1968 adunarent,
575 1895 683 1978 plures
698 1894 894 1977 perstiterer
908 1897 1111 1960 sanctitatem

63 1982 199 2046 dominae
228 1980 334 2046 tueri:
372 2003 413 2045 ex
442 1982 558 2064 quibus
582 2002 647 2045 nna
671 1980 802 2044 instanti
823 1982 992 2066 Tigellino,
1017 1991 1112 2046 ‘oas-

63 2068 144 2132 tiora
166 2089 237 2132 esse
258 2068 425 2131 muliebria
448 2066 611 2131 Octaviae'
633 2069 808 2152 respondit,
834 2076 953 2153 ‘quam
969 2090 1004 2132 os
1020 2069 1112 2152 ejus!

64 2152 220 2221 Moretur
242 2162 346 2218 tamen
363 2156 463 2239 primo
478 2154 581 2218 civilis
595 2155 747 2231 discidiis
768 2155 893 2240 specie:
917 2155 1114 2239 domumque

64 2239 173 2316 Burri,
199 2249 232 2305 et
257 2243 378 2325 praedia
401 2240 523 2318 Plauti,
539 2241 678 2305 infausta
699 2242 792 2314 dona,
811 2242 936 2325 accipit.
982 2240 1062 2304 Mox
1079 2242 1113 2304 in

66 2327 274 2412 Campaniam
303 2328 411 2412 pulsa‘
428 2336 488 2405 est,
517 2328 627 2391 addita
662 2327 793 2390 militari
825 2328 993 2392 custodia:
1036 2327 1113 2391 indo

65 2415 167 2478 crebri
192 2424 336 2498 questus,
360 2436 419 2478 neo
444 2414 560 2478 occulti
583 2436 641 2498 per
673 2413 816 2496 vulgum,
849 2415 1034 2477 cui'minor
1063 2436 1112 2477 sa-

65 2500 197 2583 pientia,
224 2510 267 2573 et,
299 2523 341 2564 ex
371 2501 591 2564 mediocritate
621 2500 769 2574 fortunae,
798 2501 949 2584 pauciora
971 2500 1114 2584 pericula

66 2597 148 2651 sunt.
198 2586 262 2650 His
284 2596 388 2651 motus
414 2585 517 2665 Nero,
541 2587 809 2671 haudquaquam⁰
841 2587 1032 2671 poenitentia
1057 2588 1115 2651 fla⁴

66 2674 145 2756 gitii,
163 2674 332 2759 conjugem
347 2673 512 2738 revocavit
527 2672 707 2738 Octaviam.
776 2694 778 2698 ’

93 2886 201 2939 *verta
210 2886 324 2951 rej'ernm]
335 2886 471 2951 According
481 2894 506 2935 to
515 2886 573 2945 Dio,
639 2886 783 2952 lPoppaea]
817 2889 853 2937 Of
876 2889 951 2937 whom
973 2891 1045 2940 much
1066 2905 1115 2940 was

67 2949 116 3007 lxii,
132 2968 158 3016 p.
168 2957 229 3001 ⁷0⁷.
237 2952 312 3008 Nero,
322 2968 353 3000 on
364 2953 445 3015 seeing
459 2954 500 3001 the
510 2952 574 3002 hand
606 2952 656 3001 said
668 2955 692 3000 in
703 2956 736 3001 A.
746 2954 798 3010 xiii,
809 2958 850 3010 45,
862 2959 903 3003 46.

68 3017 91 3064 oi
98 3017 211 3073 Plautus,
222 3016 283 3074 said,
301 3017 327 3064 ‘I
337 3017 377 3066 did
386 3027 429 3065 not
439 3019 508 3066 know
521 3019 575 3067 that
592 3063 594 3068 ,
638 3026 656 3050 '⁸
673 3020 759 3067 Pium
769 3021 905 3085 perstitere]
923 3019 973 3067 Dio
984 3035 1048 3086 says,
1061 3022 1115 3079 lxii,

67 3079 96 3128 he
106 3083 154 3131 had
173 3083 263 3144 alarge
276 3082 363 3131 nosa:’
381 3083 424 3132 οὐκ
434 3084 506 3142 ᾔδειν,
518 3082 573 3145 ἔφη,
606 3097 632 3146 p.
649 3087 706 3132 707.
721 3085 774 3132 that
791 3084 891 3149 Pythias
908 3086 977 3132 alone
994 3086 1050 3134 held
1062 3097 1114 3150 out,

67 3143 101 3196 ln
110 3145 224 3208 μεγάλην
233 3147 286 3211 ῥῖνα
296 3145 377 3210 εἴχενι
390 3149 467 3196 words
477 3149 573 3213 worthy
606 3147 656 3210 epit
667 3159 692 3195 at
702 3147 857 3211 Tigellinus’s
867 3150 929 3211 tace,
941 3145 988 3197 and
999 3153 1054 3200 thus
1072 3152 1114 3199 ad·

67 3211 174 3269 oiNaro,
185 3213 230 3260 but
241 3214 354 3278 properly
364 3214 463 3261 omitted
479 3213 512 3278 by
528 3214 575 3261 Tn-
606 3212 706 3260 dressed
718 3215 781 3260 him:
794 3211 862 3271 Μόνη
873 3216 892 3263 δ’
903 3214 918 3273 ἡ
930 3216 1015 3266 Πυθιὰς
1026 3218 1080 3266 οὔτε
1090 3235 1115 3267 τι

67 3275 133 3327 citus.
165 3276 247 3326 Aulus
257 3278 377 3334 Plautios,
394 3294 409 3326 a
424 3292 575 3342 young‘man
606 3277 770 3340 κατεψεύσατο
787 3279 868 3338 αὐτῆς,
886 3278 968 3342 καίπερ
984 3282 1115 3345 πικρότατα

68 3341 118 3390 'ho
136 3342 281 3391 waa·kllled
300 3345 332 3408 by
354 3342 428 3399 Nero,
451 3343 478 3391 ol
496 3343 575 3391 whom
606 3345 785 3399 βασανισθεῖσα,
796 3344 835 3393 καὶ
849 3343 928 3402 τέλος,
947 3347 977 3394 ὡς
994 3349 1007 3395 ὁ
1025 3355 1114 3408 'ri-pen·

69 3402 132 3456 Suet.
147 3409 174 3456 in
190 3405 250 3456 Ner.
267 3412 308 3457 35.
317 3409 511 3457 waradilierent
521 3424 575 3474 per·
607 3410 671 3456 λῖνος
694 3409 796 3457 ἐνέκειτο
821 3410 889 3474 αὐτῇ,
911 3412 1062 3473 προσέπτυσέ
1084 3431 1114 3462 τε

10 3472 12 3479 ’
69 3483 116 3520 ton.
607 3473 678 3535 αὐτῷ,
696 3473 734 3521 καὶ
752 3472 809 3522 εἷπε·
844 3477 1017 3539 Καθαρότερον,
1035 3476 1053 3525 ὦ
1074 3484 1113 3525 Τι-

10 3530 13 3567 l
96 3535 226 3586 ‘Nomine
244 3537 335 3602 petria]
370 3538 505 3587 Claudius:
538 3538 575 3587 lor
605 3526 996 3600 γελλῖνε,τὺαι’δοῗανὴδέσποινά
1009 3561 1054 3603 μου
1070 3541 1115 3590 τοῦ

69 3598 166 3650 Octavia
175 3617 226 3651 wan
238 3602 279 3651 the
290 3603 407 3665 daughter
418 3604 445 3650 ol
460 3603 574 3652 Claudius
606 3605 650 3653 σοῦ
661 3601 778 3662 στόματος
789 3603 848 3667 ἔχει,

68 3667 111 3714 aad
122 3665 266 3719 Messalina.
297 3667 343 3715 See
352 3667 388 3716 St.
400 3667 430 3716 C.
442 3672 490 3717 ³6.'
637 3677 651 3701 ἢ
670 3669 755 3718 Cicilia
771 3669 879 3733 discidii]
897 3670 1010 3720 Divorce.
1076 3717 1079 3731 ,

96 3729 200 3788 ¹‘Qinrm
210 3731 291 3809 mplia]
302 3732 359 3781 And
367 3731 573 3780 thesemockeriai
637 3743 648 3766 ⁹
675 3735 948 3797 His—haudquaquam]
982 3736 1057 3790 Nero,
1073 3734 1113 3799 ‘by

68 3807 317 3912 ltillssmtttltt'
334 3798 453 3910 {idalii
469 3813 574 3910 itit
604 3799 1115 3927 &titt‘tltmtttdtttltltalt

68 3925 170 4036 grievous
180 3930 240 4041 thpn
251 3929 300 3977 thia
309 3927 428 3977 shamelul
437 3927 532 3996 slavery
549 3928 576 3977 of
603 3928 665 3976 from
675 3928 815 3991 Campania.

83 4001 197 4043 remeate
280 4003 283 4008 '
