2512 4372
57 213 125 262 r..c
141 199 211 272 69.]
290 253 295 265 .
380 215 796 266 nrsrouranuunrnmr
1048 196 1113 278 257

56 336 260 420 objectabat:
291 357 363 399 cum
392 337 532 412 interim,
557 336 653 399 foedis
676 336 852 419 legatorum
874 335 1110 410 certaminibus,

59 425 218 485 modestia
237 425 399 486 exercitus
422 431 580 505 corrupta
608 445 715 524 eoque
735 422 899 486 discordiae
914 431 1057 496 ventum,
1074 433 1113 486 ιιι

59 509 267 572 auxiliarium
283 530 411 593 quoque
426 509 563 571 militum
583 508 733 572 conviciis
749 509 965 591 proturbatus,
985 519 1029 582 et,
1053 530 1110 591 ag·

58 605 199 678 gregant
186 597 271 658 tibus
296 618 329 658 se
348 589 450 658 Caelio
473 581 654 658 cohortibus
670 594 801 677 alisque,
820 595 965 658 desertus
979 594 1110 659 Trebel·
1122 654 1126 659 .

59 681 124 744 lius
145 683 185 745 ad
205 681 374 745 Vitellium
391 682 587 764 perfugerit.
611 682 702 764 quies
718 681 898 765 provinciae,
916 702 1109 764 quamquam

58 778 182 832 remoto
208 768 377 841 consulari,
403 768 538 848 mansit:
561 788 676 831 rexere
700 767 799 853 legati
825 767 995 851 legionum,
1016 790 1109 851 pares

53 854 142 938 jure,
160 853 279 918 Caelius
297 856 444 918 audendo
458 855 628 938 potentior.
697 901 703 912 .

103 940 157 1003 61.
180 938 345 1024 Adjuneto
375 941 558 1003 Britannico
582 939 738 1013 exercitu,
763 939 876 1023 ingens
898 939 1021 1002 viribus
1043 941 1108 1023 opi-

58 1027 185 1110 busque
200 1025 363 1102 Vitellius,
381 1026 460 1090 duos
476 1027 665 1100 duces,.duo
685 1025 802 1089 itinera
820 1026 902 1089 bello
925 1026 1107 1090 destinavit.

59 1112 183 1176 Fabius
195 1111 316 1176 Valens
344 1114 502 1192 ‘allicere,
520 1113 571 1176 vel
588 1114 614 1176 si
629 1113 816 1188 abnuerent,
832 1120 958 1176 vastare
974 1110 1109 1186 Galliam,

56 1208 94 1262 et
118 1198 275 1263 Cottianis
293 1197 447 1282 Alpibus‘
472 1200 600 1263 Italiam
626 1200 840 1281 nauperes
864 1199 994 1263 Caecina
1018 1208 1108 1281 ‘pro-

56 1286 149 1368 piore
166 1288 310 1360 transitu,
325 1285 456 1349 Petrinis
467 1285 578 1371 jugisk
599 1286 749 1369 degredi’
761 1287 881 1370 jussus.
915 1284 1046 1348 Valenti
1061 1286 1109 1348 in-

56 1373 184 1436 ferioris
198 1373 360 1436 exercitus
374 1374 482 1448 electi,
498 1395 568 1436 cum
584 1373 692 1456 aquila
707 1373 827 1455 quintae
849 1373 981 1456 legionis
1003 1383 1036 1435 et
1057 1395 1109 1436 co·

60 1459 205 1522 hortibus
228 1459 361 1542 alisque,
379 1460 418 1523 ad
435 1459 648 1559 quadraginta
670 1459 768 1521 millia
792 1469 993 1522 armatorum
1011 1460 1107 1523 data:

10 1607 12 1610 .
58 1546 193 1629 triginta
208 1545 306 1609 millia
321 1544 452 1609 Caecina
467 1567 485 1608 e
500 1546 661 1628 superiore
677 1542 851 1608 Germania
867 1546 1016 1620 ducebat,
1029 1568 1109 1629 quo-

58 1654 132 1695 rum
152 1634 247 1696 robur
270 1632 354 1716 legio
377 1631 625 1695 unaetvicesima
650 1631 730 1694 fuit·
754 1631 863 1695 addita
879 1632 1008 1716 utrique
1026 1631 1108 1696 Ger-

57 1740 225 1783 manorum
250 1719 380 1792 auxilia,
406 1718 558 1800 equibus
580 1716 734 1781 Vitellius
756 1739 827 1781 suas
851 1740 979 1802 quoque
1001 1721 1108 1804 copias

10 1831 14 1851 ι
58 1804 231 1888 supplevit,
249 1816 317 1869 tota
330 1805 413 1868 mole
428 1803 504 1866 belli
519 1812 698 1868 secuturus.

102 1891 156 1955 62
182 1891 268 1954 Mira
296 1893 380 1954 inter
404 1891 580 1954 exercitum
606 1889 903 1975 Imperatoremque
928 1891 1105 1954 diversitas.

58 1976 188 2040 Instare
213 1977 357 2054 miles,‘
374 1978 474 2040 arma'
497 1998 638 2062 poscere,
670 1979 766 2040 ‘dum
792 1974 909 2040 Galliae
935 1979 1105 2061 trepident,
1194 2029 1197 2036 .

56 2064 138 2127 dum
165 2062 331 2164 Hispaniae
361 2074 568 2128 cunctentur:
591 2085 653 2127 non
680 2066 806 2127 obstare
831 2063 973 2147 hyemem
1002 2086 1108 2148 neque

55 2152 185 2233 'ignavae
216 2152 303 2235 pacis
328 2173 451 2214 moras:
475 2151 687 2215 invadendam
719 2149 858 2228 Italiam,
890 2151 1107 2232 occupandam

58 2236 202 2301 Urbem:
234 2237 314 2299 nihil
344 2237 376 2300 in
399 2239 563 2301 discordiis
590 2236 737 2300 civilibus
766 2235 968 2300 festinatione
995 2238 1107 2312 tutius,

58 2325 114 2388 ubi
138 2325 225 2387 facto
239 2323 341 2405 magis
357 2346 451 2407 quam
468 2323 609 2386 consulto
625 2345 705 2423 opus
724 2323 830 2386 esset!
873 2323 1034 2406 Torpebat
1049 2322 1108 2384 Vi-

57 2411 178 2490 tellius,
206 2420 240 2474 et
268 2410 427 2474 fortunam
454 2410 612 2493 principat
613 2432 651 2472 us
675 2409 769 2472 inerti
745 2408 872 2471 tluxu
903 2431 940 2471 ac
967 2409 1108 2493 prodigis

55 2499 161 2618 epulis
185 2498 410 2580 praesumebat,
434 2497 537 2559 medio
566 2496 630 2558 diei
653 2495 808 2559 temulent
796 2505 847 2557 tus
862 2502 896 2557 et
910 2497 1054 2579 saglna
1037 2517 1108 2558 vra-

58 2585 129 2648 vis:
141 2582 244 2646 'cum
259 2591 364 2646 tamen
380 2585 473 2645 ardor
496 2594 530 2645 et
552 2583 601 2649 vis
624 2582 759 2645 militum
780 2581 829 2644 ult
816 2589 865 2644 ιιο
891 2583 980 2645 ducis
999 2583 1109 2645 munia

56 2670 222 2753 implebat,
248 2678 284 2732 ut
299 2692 326 2733 si
317 2669 467 2732 adesset
483 2668 674 2754 Imperator,
690 2677 723 2731 et
744 2669 884 2732 strenuis
909 2668 992 2730 vel
984 2670 1108 2750 ignavis

57 2779 148 2841 spem
174 2765 361 2839 metumque
388 2756 532 2819 adderet.
578 2754 733 2820 Instructi
757 2754 935 2838 intentique
964 2757 1109 2841 ‘signum

88 3007 99 3041 ¹
116 3008 184 3057 Corr-
195 3008 229 3057 Ar
226 3008 264 3072 a]
280 3009 333 3057 The
343 3007 439 3056 Cottian
452 3007 522 3071 Alps,
533 3007 568 3071 by
599 3007 662 3054 their
672 3022 742 3054 name
753 3007 812 3057 from
821 3009 862 3056 the
873 3008 1010 3070 Celticpea,
1021 3023 1038 3056 a
1048 3007 1110 3055 head

56 3073 137 3122 which
159 3073 251 3122 Valens
268 3090 314 3120 was
330 3073 432 3121 ordered
453 3081 477 3120 ιο
497 3074 568 3120 break
601 3088 627 3120 or
636 3080 688 3134 top
709 3072 787 3120 There
805 3089 853 3120 was
872 3075 1021 3137 worshipped
1039 3074 1109 3120 there

56 3139 109 3186 ιιιιο
119 3137 197 3202 Italy
213 3154 251 3186 are
268 3155 321 3186 now
332 3138 410 3186 called
421 3138 460 3186 tlte
470 3153 569 3201 passae
600 3137 643 3184 the
658 3136 831 3202 godPeuinus‚
847 3140 1109 3186 aswelindinanaa·

57 3201 86 3262 os
101 3203 237 3266 Briancon,
257 3219 315 3252 neor
338 3204 414 3253 Suae:
439 3203 464 3250 in
487 3203 569 3251 which
601 3203 825 3264 cientinscription,
842 3203 918 3252 wlricb
935 3221 983 3253 was
997 3203 1112 3253 received

57 3269 127 3332 place
139 3269 245 3328 Cottius
257 3271 297 3316 the
308 3268 366 3331 king
377 3269 410 3315 of
419 3269 460 3316 the
472 3267 570 3316 Cotuan
602 3267 663 3315 from
675 3267 938 3330 GraviusbyGudius,
948 3285 973 3331 p.
984 3269 1026 3327 liv,
1041 3288 1064 3318 n.
1077 3274 1101 3318 6

58 3334 130 3396 Alps,
158 3334 246 3395 having
272 3337 370 3381 entered
392 3334 443 3381 into
467 3333 569 3381 alliauce
739 3348 973 3383 nvcrvs.nvcrr.1vs

58 3399 120 3447 with
134 3397 283 3446 Octavianus
293 3399 426 3459 Augustus
441 3399 489 3445 had
508 3398 570 3446 built
739 3453 742 3460 ¹
770 3413 948 3448 oro.rau1uo
971 3413 977 3426 ‘

59 3462 232 3527 compeudlous
249 3464 316 3510 roads
335 3465 370 3511 for
390 3473 453 3510 trave
456 3465 522 3519 llers,
545 3479 570 3510 as
809 3479 907 3512 οιτιιιο

59 3544 95 3576 we
107 3531 174 3576 learn
185 3528 246 3576 from
257 3529 314 3575 Aru.
324 3529 351 3575 M
340 3529 434 3576 l.arcell
443 3545 484 3587 xv,
495 3534 520 3577 9.
804 3545 912 3578 ιιιιιιιο

92 3592 184 3642 *Pam
195 3591 267 3654 jug]
291 3594 344 3641 The
361 3594 475 3641 Penina'
466 3609 532 3658 juga,
544 3609 571 3640 or
755 3607 857 3641 nouvu.
870 3611 959 3642 aruir.

59 3658 212 3706 tbePeniuae
223 3658 311 3721 Alpes,
327 3660 360 3722 by
382 3659 455 3705 which
475 3658 571 3705 Caecina
602 3658 653 3708 une
665 3657 846 3721 Cartlragrnrans
855 3663 938 3721 passed
948 3664 991 3704 not
1001 3657 1032 3720 by
1042 3657 1111 3703 thess

60 3721 208 3777 descended,
219 3738 260 3770 ars
270 3738 324 3770 now
333 3724 411 3770 called
424 3724 463 3771 the
472 3738 572 3797 passage
604 3724 676 3820 Alps,
669 3725 730 3783 ,but
740 3724 771 3787 hy
782 3725 870 3770 Mount
882 3724 1003 3770 Genevre.

60 3789 231 3846 osGreotSt.
243 3788 364 3836 Bernard.
392 3788 490 3850 Pliny(
484 3787 520 3842 rii,
533 3792 571 3836 17.
662 3787 866 3850 Sngtuagranis]
889 3790 956 3834 Suet.
975 3784 1059 3831 Vitell.
1071 3786 1113 3832 17.

60 3851 356 3916 callstlremimproperly
360 3840 507 3915 Alpesl'oer'
494 3852 571 3909 ιἰοιο,
607 3853 697 3900 ‘Erat
691 3869 717 3900 ιιι
734 3870 762 3900 eo
780 3851 903 3915 [Vitellio]
916 3850 1016 3897 enormis
1030 3863 1112 3922 proce·

60 3920 188 3968 becauss‘
198 3918 237 3967 his
250 3917 337 3965 Poenos
352 3927 415 3964 tran
417 3918 464 3965 isse
483 3933 572 3964 memo-
605 3921 671 3976 ritas,
680 3919 754 3966 facies
765 3917 847 3963 rubida
859 3916 997 3977 plerumque
1008 3928 1036 3961 er
1045 3913 1113 3962 vino·

59 3983 130 4034 rant!
155 3984 207 4036 The
229 3983 324 4048 ‘Alpes
336 3982 443 4032 Peuma
462 3983 574 4032 received
605 3957 688 4043 lentie,
700 3991 783 4032 venter
793 3979 898 4030 obesus
