2512 4372
94 183 138 255 24
422 203 458 250 c.
481 199 667 249 ooanuuu
690 198 819 247 uicum
932 178 1150 266 [mentm

94 328 210 393 tantos,
235 320 268 383 hi
295 319 439 384 conserto
466 321 589 404 gradu:
620 318 758 384 turbatis
786 324 899 380 contra
923 317 1151 381 Britannorum

95 406 272 482 ordinibus,
287 406 372 488 apud
387 428 469 489 quos
484 407 572 470 nullo
587 407 755 469 loricarum
772 390 981 485 galearumve
996 401 1152 487 tegmiuas

94 500 128 554 et
143 491 171 554 si
187 491 395 554 auxiliaribus
407 494 604 565 resisterent,
617 490 733 574 gladiis
749 510 787 552 ao
802 488 875 571 pilis
889 489 1152 572 legionariorum:

95 577 121 637 si
137 575 199 639 buc
216 585 389 651 verterent,
405 578 548 660 spathis⁰
570 586 603 640 et
626 576 725 639 bustis
747 574 954 638 auxiliarium
969 574 1152 637 sterneban-

95 670 167 724 tur:
191 662 276 724 clara
296 683 335 725 eu
355 663 489 726 victoria
513 662 587 735 fuit,
609 670 768 744 captaque
790 681 891 723 uxore
905 669 940 723 et
954 659 1024 723 lilia
1038 660 1153 724 Carsu·

96 746 171 821 tuci,
188 747 303 810 fratres
318 768 446 830 quoque
461 748 493 810 in
508 748 704 810 deditionem
719 746 855 828 accepti.

138 830 192 895 36.
216 831 292 915 Ipse
306 837 358 911 (ut
372 833 473 896 ferme
490 833 597 896 intuta
616 842 691 896 sunt
709 833 858 909 adversa)
870 850 945 893 cum
961 830 1062 893 fidem
1076 826 1152 892 Gar·

95 916 296 991 tismunduae,
317 919 438 1001 reginae
463 917 667 1001 Brigantum,
690 918 870 999 petivisset,
887 915 1018 980 vinctus
1037 936 1077 978 ac
1090 912 1153 977 vio·

97 1005 218 1066 toribus
234 1004 371 1066 traditus
386 1013 446 1074 est,
467 1025 549 1066 nono
569 1011 641 1087 post
661 1001 768 1080 tctnno,l
783 1023 880 1085 quarn
895 1000 1016 1064 bellurn
1031 1000 1067 1063 iu
1083 998 1153 1063 Bri·

96 1090 205 1152 tunuiu
219 1098 372 1171 coeptum.
419 1087 519 1152 Unde
533 1090 619 1152 fama
633 1089 703 1172 ejus
718 1098 834 1151 evecta
847 1086 982 1161 insulas,
998 1096 1034 1149 et
1048 1084 1153 1169 proxi·

96 1194 163 1236 mas
186 1174 365 1256 provincias
389 1183 573 1259 pervagata,
598 1196 655 1256 per
672 1173 801 1237 Italiam
823 1193 954 1257 quoque
974 1170 1153 1235 celebrabu-

96 1268 167 1321 tur:
191 1261 394 1343 avebantque
410 1260 522 1333 visere,
540 1260 613 1342 quis
629 1259 693 1332 ille,
715 1268 763 1322 tot
786 1280 843 1342 per
863 1279 976 1336 annos,
992 1278 1072 1340 opes
1085 1278 1153 1321 uos·

97 1353 162 1407 tras
191 1345 372 1427 sprevisset.
423 1343 478 1407 Ne
508 1346 623 1409 Romae
654 1345 786 1427 quidem
815 1344 955 1427 ignobile
986 1341 1152 1409 Caractaoi

96 1450 210 1493 nomeu
225 1438 312 1493 erat:
337 1440 370 1493 et
386 1428 507 1505 Cessas,
528 1431 605 1494 dum
629 1452 723 1493 suum
746 1431 845 1493 decus
867 1427 1009 1508 extollit,
1032 1426 1156 1492 addidit

97 1515 229 1597 glorium
251 1517 345 1579 victo.
391 1513 537 1580 Vocatus
561 1516 692 1599 quippe,
714 1524 751 1578 ut
775 1516 815 1578 ad
838 1515 965 1598 insigne
989 1522 1155 1596 spectacu-

98 1601 172 1673 lum,
190 1601 339 1684 populus.
386 1598 515 1665 Stetere
534 1603 567 1664 in
583 1603 679 1665 armis
700 1600 860 1684 praetorias
882 1601 1031 1664 cobortes
1046 1618 1155 1698 campo

97 1686 154 1768 qui
169 1695 293 1749 castru⁰
313 1686 477 1769 praejacet.
521 1687 618 1766 Tum,
635 1687 859 1750 incedentibus
877 1686 974 1770 regiis
989 1684 1154 1757 clientelis,

97 1771 234 1854 phaleras
248 1780 454 1854 torquesque,
472 1794 611 1856 quaeque
626 1771 769 1835 externis
786 1772 876 1834 bellis
891 1771 1078 1854 quaesierat,
1093 1778 1155 1835 tra·

97 1856 212 1920 ducta:
243 1878 318 1919 mox
348 1857 474 1932 fratres,
504 1868 538 1922 et
568 1858 699 1941 conjux,
724 1866 758 1920 et
784 1857 867 1920 lilia:
897 1866 1061 1941 postremo
1089 1856 1155 1939 ipse

97 1950 285 2005 ostentatus.
333 1940 522 2007 Ceterorum
542 1965 653 2026 preces
668 1944 843 2026 degeneres
862 1943 965 2015 fuere,
982 1962 1026 2005 ex
1048 1950 1153 2005 metu:

98 2036 207 2090 utnon
226 2024 444 2104 Curaotacus,⁶
464 2038 520 2092 aut
543 2030 635 2091 vultu
655 2029 803 2101 demisso,
825 2038 882 2091 aut
901 2028 1019 2103 verbis,
1034 2026 1155 2091 miseri·

98 2114 237 2176 cordium
253 2113 429 2195 requirens,
448 2115 502 2177 ubi
522 2115 691 2178 tribuuali⁶
712 2114 848 2190 adstitit,
869 2115 903 2177 in
925 2115 1008 2177 bunc
1027 2114 1156 2177 modum

99 2200 226 2263 locutus
242 2207 301 2261 est.

140 2286 196 2352 37.
221 2283 285 2348 ‘si
306 2292 427 2367 quanta
448 2284 595 2349 nobilitas
610 2294 645 2348 et
660 2285 790 2348 fortuna
813 2284 890 2348 mibi
911 2283 1157 2361 mistarum

99 2394 168 2435 rum
185 2392 404 2456 prosperarum
422 2372 599 2435 moderatio
618 2369 743 2445 suisset,
760 2371 882 2434 amicus
902 2371 1012 2453 potius
1026 2369 1061 2432 in
1077 2370 1157 2432 bauo

101 2456 232 2533 Urbem,
258 2479 354 2540 quam
378 2467 492 2538 captus
518 2456 693 2520 venissem:
721 2478 827 2540 neque
851 2456 1046 2539 dedignatus
1071 2476 1156 2519 esses

99 2542 192 2607 cluris
218 2543 389 2626 majoribus
415 2551 531 2615 ortum,
563 2542 704 2625 pluribus
729 2542 879 2625 gentibus
904 2541 1154 2624 imperitantem,

98 2630 223 2692 lindere
237 2628 323 2711 pacis
335 2628 490 2711 accipere.
522 2626 671 2692 Praesens
683 2650 750 2691 sors
762 2649 842 2703 mea,
857 2635 894 2690 ut
906 2627 986 2689 mibi
1000 2626 1154 2700 informis,

99 2715 143 2777 sic
160 2714 217 2776 tibi
233 2714 398 2795 magnilica
413 2723 481 2776 est:
499 2713 596 2777 habui
611 2734 724 2796 equos,
736 2715 832 2790 viros,
849 2734 947 2787 arma,
963 2734 1059 2795 opes:
1079 2712 1156 2795 quid

99 2800 224 2876 mirum,
241 2798 267 2861 si
284 2798 351 2861 boec
368 2798 487 2864 invitus
502 2799 615 2864 amisii
648 2798 736 2874 Non,
753 2801 781 2863 si
796 2822 852 2865 vos
867 2799 1013 2862 omnibus
1028 2798 1156 2883 imperi·

98 2966 247 3031 lugebuntur.
269 2965 537 3015 Nccersntsdmodum
549 2965 609 3013 mul·
641 2964 701 3014 tion.
734 2964 787 3013 Nor
805 2965 864 3014 does
880 2966 928 3014 this
945 2980 1039 3041 opposs
1054 2966 1159 3017 vrbstis

98 3032 126 3085 ti,
143 3033 185 3095 qui
204 3033 318 3080 cedentes
334 3031 369 3095 (si
389 3030 463 3093 prelii
481 3031 610 3078 necessitas
641 3030 692 3078 said
704 3030 729 3077 in
743 3030 774 3077 H.
784 3030 821 3091 iii,
831 3035 874 3093 tt,
885 3045 913 3077 ss
922 3030 1022 3105 Lipsius
1032 3033 1142 3098 tbouglrt.

98 3097 265 3161 compulisset)
277 3096 340 3144 iuter
355 3096 473 3160 principis
488 3095 610 3159 legionum
675 3101 685 3127 ⁶
703 3095 804 3160 Castro]
822 3110 857 3143 ac.
866 3103 979 3159 praetoris
989 3093 1086 3146 Romo.

98 3161 173 3225 rccipl
192 3162 310 3220 solebant,
326 3161 360 3208 its
379 3171 406 3209 ut
426 3160 491 3209 acies
511 3159 611 3207 immota
676 3156 918 3223 ‘Nanorustucan
933 3158 1159 3227 Admirsblydous,

98 3225 257 3275 consisteret’
289 3225 320 3272 ln
337 3224 385 3273 this
398 3233 557 3289 engagement
568 3223 610 3272 the
642 3222 734 3271 sudio
755 3237 770 3270 s
790 3237 887 3271 manner
903 3223 957 3270 well
975 3224 1055 3273 suited
1074 3234 1102 3275 to
1121 3225 1160 3275 bis

99 3290 199 3338 soldiers
217 3291 244 3339 ol
258 3289 319 3351 light
334 3288 383 3337 and
398 3290 426 3338 ol
442 3290 519 3353 beavy
534 3304 611 3336 srmor
641 3287 711 3352 roysl
727 3287 830 3352 diguity.
863 3286 916 3335 The
932 3303 998 3336 sarus
1012 3288 1159 3341 cusciacus

100 3354 197 3419 pressed
209 3370 240 3402 on
251 3354 367 3417 together.
642 3366 756 3401 sansures
766 3353 807 3400 tlrr
818 3352 944 3399 iusstisble
954 3354 1065 3419 eupidity
1074 3354 1105 3404 os
1116 3357 1158 3403 rus

133 3430 145 3452 ⁸
161 3418 272 3483 sparso]
290 3417 414 3481 vegetius,
424 3416 452 3477 ii,
463 3420 610 3481 15‚ennme-
642 3414 760 3465 Romans.
794 3416 1158 3481 Onseeiogthssplcudossssd

99 3494 173 3548 rates,
190 3482 301 3547 ‘gladios
316 3481 429 3545 majores,
440 3496 500 3545 quos
515 3483 611 3546 spathas
642 3488 751 3529 vastuess
768 3480 795 3528 ol'
810 3483 850 3530 the
868 3480 928 3545 city,
946 3480 1025 3529 ‘And
1040 3484 1074 3531 do
1089 3482 1159 3549 'om'

100 3557 201 3609 vrrs-auu
215 3556 240 3595 et
260 3547 320 3595 alios
337 3547 447 3600 minores,
464 3562 525 3609 quos
539 3547 611 3595 semi·
643 3545 695 3593 said
707 3548 747 3608 hs,
762 3545 852 3609 ‘being
862 3545 887 3592 iu
899 3545 1037 3609 possession
1048 3548 1077 3596 ot
1087 3550 1158 3599 thess

100 3616 196 3677 spathas
207 3611 349 3661 nominant.’
375 3611 460 3659 lleuce
471 3610 512 3658 she
523 3611 612 3659 Itulisu
644 3618 771 3666 tressures,
780 3612 827 3659 sud
839 3611 920 3659 others
930 3610 980 3658 tiss
991 3609 1068 3671 mem,
1078 3612 1159 3661 dssirs

101 3680 191 3745 Spurio.
644 3688 688 3722 our
699 3674 761 3723 little
772 3683 837 3723 rents
846 3674 866 3721 3‘
888 3672 954 3737 tire,
965 3672 1022 3737 19η,
1030 3676 1111 3727 ταῦτα
1119 3676 1160 3727 nl

133 3743 145 3777 ⁸
162 3744 232 3793 Nono
248 3746 302 3805 post
319 3737 355 3803 a]
378 3738 477 3789 Tacitus
495 3740 612 3789 therefore
644 3738 676 3788 rb
691 3740 790 3788 τοιαῦτα
805 3738 952 3797 aemulus,
969 3742 1019 3789 sris
1035 3744 1160 3800 mm·-

101 3817 177 3858 trscos
194 3809 236 3856 tho
252 3803 493 3855 commencementol
507 3805 549 3853 tlre
566 3819 613 3853 παι·
644 3802 709 3864 buis
720 3805 866 3864 lrsduurim
882 3802 995 3863 zonam,
1006 3808 1102 3866 Μω.

100 3882 126 3921 to
134 3875 175 3922 the
184 3871 329 3921 dissensious
338 3871 364 3918 ol
373 3867 613 3925 cucumerarium
677 3877 687 3902 ¹
705 3868 842 3933 Tribsssls']
858 3869 905 3918 Sco
917 3868 950 3918 Δ.
959 3868 979 3926 l,
989 3872 1030 3921 18.

101 3956 162 3989 nere
179 3941 218 3988 tbs
232 3952 304 3989 causo
316 3936 344 3987 ol
357 3938 397 3985 the
409 3934 502 3984 Britisb
512 3934 614 3999 expedi·
