2512 4372
60 207 128 261 ac.
144 191 212 273 69.]
374 206 644 256 n1sron1nsu1u
670 208 746 255 nin.
772 207 797 256 1.
1052 192 1117 265 247

59 327 184 400 utilem,
210 335 243 389 et
268 349 287 390 a
310 327 400 390 bonis
425 338 536 411 postea
554 327 757 411 Principibus
781 328 995 412 perpetuitate
1018 327 1114 392 disci·

60 415 156 497 plinae
187 412 353 478 firmatam.
401 413 485 478 Laco
514 414 698 496 praefectus,
728 425 889 497 tamquam
917 413 950 477 iu
976 415 1112 479 insulam

60 509 280 582 seponeretur‚
298 501 337 563 ab
351 503 507 573 evocato,l
523 521 617 583 quem
637 501 676 564 ad
695 502 815 564 caedem
834 500 905 584 ejus
920 500 1010 564 Otho
1029 503 1111 585 prar-

59 587 200 662 miserat,
217 585 399 650 confossus:
423 587 454 649 in
471 586 667 652 Mattianum
684 585 819 665 Icelum,
836 596 872 650 ut
893 587 927 650 in
949 587 1110 663 libertum,

59 673 165 758 palam
182 674 447 737 animadversum.

104 760 159 823 47.
183 759 310 823 Exacto
333 780 390 845 per
413 758 534 822 scelera
555 758 621 838 die,
645 758 850 823 novissimum
874 758 1028 822 malorum
1048 759 1112 825 fuit

61 845 187 909 laetitia.
234 844 339 909 Vocat
359 854 503 910 senatum
525 855 644 928 praetor
666 846 841 909 urbanusr⁰
864 855 988 909 certant
1002 846 1112 911 adula-

61 931 201 996 tionibus
215 933 315 996 ceteri
330 932 545 1015 magistratus.
579 929 764 996 Accurruut
778 940 904 1014 patres:
929 932 1112 996 decernitur

64 1018 189 1082 Othoni
208 1028 217 1053 ⁴
233 1019 403 1082 tribunicia
425 1017 589 1102 potestas‘l
607 1025 643 1081 et
659 1039 773 1083 nomen
789 1017 930 1101 Augusti
949 1027 983 1082 et
1002 1040 1111 1082 omnes

64 1104 250 1188 Principum
274 1105 427 1178 honores,'
447 1105 662 1169 adnitentibus
681 1105 949 1170 cunctisebolere
968 1105 1112 1169 convicia

61 1214 99 1256 ac
115 1194 239 1275 probra,
255 1213 339 1274 quae,
355 1192 531 1275 promiscue
549 1191 649 1275 jacta,
667 1191 795 1255 haesisse
810 1191 915 1254 animo
931 1189 1006 1275 ejus
1017 1211 1111 1256 nemo

63 1279 175 1346 sensit.
212 1277 380 1342 Omisisset
394 1278 541 1351 offensas,
555 1299 596 1342 an
612 1279 798 1351 distulisset,
815 1278 973 1342 brevitate
986 1277 1114 1361 imperii

61 1366 96 1429 in
119 1365 241 1429 incerto
263 1365 337 1428 fuit.
381 1363 481 1438 Otho,
504 1373 637 1428 cruento
660 1364 764 1429 adhuc
787 1365 866 1438 soro,
892 1385 950 1447 per
972 1374 1112 1448 stragem

57 1452 247 1536 jacentium,
265 1451 298 1513 iu
315 1450 534 1534 Capitolium:
550 1459 646 1534 atque
660 1451 735 1514 inde
749 1453 781 1513 in
796 1447 968 1534 palatium!
986 1461 1110 1532 vectus,
1192 1466 1195 1474 ’

32 1608 33 1611 ¹
63 1538 223 1601 ‘concedi
238 1556 368 1621 corpora
388 1538 573 1620 sepulturae,
587 1538 802 1620 cremarique'
819 1538 974 1619 permisit.
1020 1536 1111 1602 Piso·

61 1645 135 1688 nem
161 1623 322 1688 Verania‘
347 1645 429 1687 uxor
458 1645 496 1687 ac
523 1623 624 1687 frater
652 1623 954 1700 Scribonianusfl'.
977 1622 1111 1689 Vinium

64 1710 213 1795 Crispina
227 1710 303 1784 filia,
316 1730 532 1794 composuere,
546 1709 689 1794 quaesitis
704 1710 918 1792 redemtisquc
931 1709 1113 1794 capitibus!

63 1819 138 1882 quae
157 1798 280 1862 venalia
293 1797 514 1861 interfectores
528 1804 744 1860 servaverant.

107 1883 162 1948 48.
188 1883 265 1948 Piso
288 1905 387 1947 unum
411 1894 445 1947 et
467 1883 661 1947 tricesimam
685 1883 788 1947 aetatis
810 1903 926 1946 annum
949 1881 1112 1966 explebat,
1180 1960 1182 1964 ¹
1253 1904 1254 1907 ’

64 1971 151 2036 fama
172 1970 300 2034 meliore
322 1990 418 2054 quam
440 1969 588 2034 fortuna:
612 1969 725 2034 fratres
739 1969 831 2053 ejus,·'
846 1968 1003 2052 Magnum
1015 1969 1112 2035 Clau.
1152 1992 1157 2006 ·

63 2057 150 2133 dius,
171 2056 322 2122 Crassum
345 2055 437 2121 Nero
460 2056 696 2120 interfecerant.
741 2054 817 2140 Ipse
841 2055 898 2120 diu
920 2055 1009 2132 exul,
1033 2078 1115 2140 qua·
1141 2111 1148 2120 .

63 2143 172 2207 triduo
188 2141 308 2218 Caesar,
331 2154 499 2227 properata
520 2143 690 2226 adoptione
711 2144 751 2206 ad
775 2142 833 2206 hoc
856 2149 978 2206 tantum
1002 2142 1114 2227 majori

63 2231 159 2294 fratri
181 2231 330 2313 praelatus
344 2240 403 2304 est,
419 2238 455 2291 ut
475 2229 561 2312 prior
583 2230 792 2294 occideretur.
835 2228 873 2292 T.
889 2226 1005 2293 Vinius
1020 2230 1113 2313 quin-

65 2316 223 2400 quaginta
245 2325 366 2400 septem
390 2334 487 2379 annos
509 2316 603 2379 variis
623 2316 763 2379 moribus
784 2315 862 2398 egit.
908 2312 1008 2378 Pater
1027 2313 1113 2380 illie

62 2403 214 2488 praetoria
227 2401 357 2478 familia,
373 2411 534 2466 maternus
554 2424 633 2466 avus
652 2423 672 2465 e
690 2399 884 2487 proscriptis.
928 2400 1040 2466 Prima
1054 2403 1114 2467 mi·.

99 2691 111 2726 ὅ
128 2693 243 2756 Evocate]
260 2693 298 2741 cb.
308 2697 349 2742 41.
603 2689 738 2739 illustrated
749 2690 955 2756 laysiacotar.
975 2691 1112 2755 'vergente

98 2758 293 2819 ‘Vocat-urla]
310 2757 403 2805 Outhe
414 2757 487 2806 death
497 2757 524 2805 ot
530 2756 572 2806 the
601 2755 653 2818 jam
668 2756 707 2804 die
722 2757 842 2818 ingressus
856 2767 974 2814 senatum,
989 2761 1112 2821 positaque

64 2831 122 2875 two,
136 2824 232 2870 consuls
249 2822 327 2872 Galba
347 2821 394 2870 aud
413 2822 510 2884 Vinius,
531 2824 572 2872 the
605 2821 671 2868 brevi
682 2821 782 2878 ratione,
793 2822 860 2884 quasi
871 2831 952 2884 raptus
962 2822 992 2869 de
1003 2823 1111 2886 publico,

63 2890 118 2952 city
128 2895 215 2950 pretor
224 2889 282 2935 took
292 2903 322 2936 on
334 2887 430 2934 himself
438 2889 478 2935 the
493 2887 574 2936 duties
605 2893 630 2934 et
640 2885 760 2949 suscipere
773 2887 898 2948 unpedum
910 2887 933 2933 vi
942 2895 1047 2947 cccmus,
1059 2904 1113 2952 ges

64 2953 95 3005 ot
114 2953 177 3000 their
197 2953 273 3000 office.
305 2953 337 2999 So
356 2951 408 3000 Cic.
426 2951 472 3013 Ep.
488 2967 515 3013 1,
533 2956 573 3001 la.
605 2957 719 3012 tuusque
741 2951 861 3000 communi
880 2950 987 3001 omnium
1006 2952 1113 3012 arbitrio,
1169 3007 1171 3012 ,

64 3017 274 3074 ‘Placuirnobis
292 3016 414 3064 utstatim
433 3016 463 3064 ad
481 3016 575 3064 Coruo·
605 3014 719 3079 palatium
730 3015 809 3078 petit.¹
1015 3061 1017 3066 ,

65 3091 129 3144 rum,
146 3090 273 3145 pretorem
289 3080 413 3144 urbanum,
432 3081 514 3130 literas
532 3083 574 3129 de·
636 3088 650 3123 e
671 3081 785 3144 Verania]
806 3079 869 3129 Thac
883 3079 989 3130 Verania
1002 3082 1115 3132 received

64 3149 195 3206 ferrearum
212 3147 335 3211 qui,quod
345 3145 457 3194 consules
467 3146 575 3203 aberunt.
605 3143 639 3208 by
654 3145 799 3208 solicitation
816 3146 858 3193 the
876 3146 938 3193 head
955 3146 983 3194 oi
994 3147 1061 3206 Piso,
1077 3162 1114 3199 ss

66 3212 191 3296 cunulae
205 3227 291 3262 munus
305 3212 438 3261 sustinebat
450 3226 516 3260 ruore
525 3225 575 3258 rur·
606 3209 672 3258 leam
689 3210 749 3258 from
763 3209 1033 3292 Plut.Ga1b.p.1ooo.
1065 3213 1115 3274 Thr

63 3292 202 3391 19ἳῃῃὼνίὸ-
221 3341 283 3403 pot]
319 3341 396 3390 There
417 3355 466 3389 was
486 3341 512 3389 iu
534 3341 575 3389 the
606 3273 939 3403 Olbahihhviinbi‘xlldoi
948 3275 1114 3407 midi&

67 3405 181 3469 Museuru
191 3405 219 3453 ol
227 3408 267 3454 the
277 3405 375 3469 College
385 3407 413 3455 of
420 3405 574 3455 IouileV.
606 3405 693 3453 should
709 3405 764 3453 read
781 3404 890 3468 otperto,
907 3419 935 3454 es
950 3408 973 3459 is
990 3409 1113 3475 generally

67 3487 83 3519 a
93 3471 237 3521 silvercoin:
251 3486 309 3518 rur.
320 3486 389 3519 orno
401 3486 499 3520 cassan
512 3486 574 3520 nvo·
606 3470 702 3532 agreed.
733 3470 769 3518 of
777 3470 888 3528 Verania,
906 3472 951 3520 h'er
966 3473 1048 3529 death,
1066 3474 1114 3525 and

69 3551 115 3584 n.
126 3539 201 3584 athe
212 3536 274 3584 head
286 3535 359 3584 bare:
374 3551 406 3584 ou
416 3537 457 3584 the
473 3549 576 3593 reverse,
607 3537 648 3582 the
666 3534 737 3584 fraud
751 3535 780 3583 oi
795 3535 913 3601 Regulus,
930 3553 973 3586 see
988 3538 1053 3587 Plin.
1066 3539 1115 3603 Ep·

68 3615 123 3649 nx
143 3616 220 3650 onsrs
239 3615 397 3649 russanen.
429 3601 507 3650 Peuce
525 3616 577 3648 was
607 3599 636 3661 ii,
647 3603 688 3648 2⁰.

68 3664 450 3730 standingwithacaduceusaud
461 3683 492 3714 un
502 3666 578 3714 olive·
641 3662 654 3696 ¹⁵
671 3666 732 3715 aar.
746 3667 811 3732 cup]
831 3666 884 3715 'l'he
903 3667 967 3715 head
986 3666 1013 3714 ot
1026 3667 1114 3715 Vinius

68 3731 167 3780 buoch.
608 3742 658 3777 nas
672 3730 799 3781 redeemed
816 3731 849 3796 by
864 3731 904 3779 his
914 3731 1114 3794 daughtercris·

99 3797 149 3846 ‘In
158 3795 230 3858 Cap]
241 3793 491 3844 'l'oretcruthenkstc
500 3792 575 3858 Capi·
607 3793 664 3857 pinu
680 3795 717 3844 tor
732 3799 782 3847 831.
797 3801 834 3846 dr.
849 3799 890 3846 Sd.
908 3811 936 3844 es
951 3797 972 3842 is
987 3796 1066 3845 stated
1082 3796 1115 3864 by

67 3861 143 3911 taliae
153 3861 227 3910 Jove.
606 3859 673 3908 Plut.
684 3860 755 3911 Galb.
767 3865 876 3924 plotio.

95 3923 260 3988 tPaaasm]
277 3923 330 3973 The
341 3921 575 3987 ‘domusdugusta’
641 3923 826 3988 ‘Fratresejud
835 3920 1065 3987 ForPiro'starnily,
1074 3939 1114 3974 sce

65 3988 577 4054 Therommenccmeutolothc'sreignie
610 3989 698 4042 chlt.
1040 3993 1042 3997 ’
