2512 4372
48 196 224 287 13811Θῷ
245 240 253 263 ,-
372 216 745 272 nrsrontsnutrznra.
769 220 811 271 11.
1056 198 1124 273 809

52 336 353 414 dmntatdncbus
368 340 596 418 facinoribus?
617 340 720 404 altero
740 338 1000 424 flagitiosissimo,
1022 338 1124 405 altero

53 420 202 515 egubio,
213 429 411 490 tantumdem
422 426 509 511 apud
520 436 662 510 posteros
672 427 791 490 meruit
804 430 894 490 bonae
904 426 1010 501 tamn,
1022 446 1124 510 quan·

54 512 258 576 tumeler
274 512 326 577 Ut
336 514 524 596 conquirere
534 512 688 587 fabulosa,
701 522 735 576 et
748 512 832 576 fictis
842 512 1003 576 oblectare
1014 512 1122 596 legen·

55 595 141 681 tium
156 597 292 676 animos,
308 602 418 689 prooul
434 598 594 683 gravitate
609 599 710 682 coepti
724 599 829 682 operis
845 598 1055 673 crediderint
1076 600 1124 668 ita

54 677 209 833 w·
223 686 413 768 traditisque
438 688 566 748 demere
581 685 677 749 fidem
692 704 756 748 non
770 685 884 750 ausim.
929 693 940 721 ⁸
958 684 1033 758 Die,
1056 704 1123 768 quo

56 764 91 831 Β
148 766 159 782 ”
199 770 427 845 icertabatur‚
450 790 544 834 avem
559 771 720 834 invisitata
734 771 857 854 specim
880 769 966 855 apud
979 766 1123 852 Regium

57 850 238 936 laepldum'
249 858 375 921 celebri
391 858 461 920 vico
476 857 676 931 consedisse,'
695 857 808 919 incolae
822 862 1010 930 memorant,
1035 864 1045 891 ‘
1061 874 1123 919 neo

55 939 187 1004 &midde
197 952 289 1005 coetu
312 943 472 1006 hominum
490 951 547 1005 aut
561 943 885 1007 circumvolitantium
901 941 1123 1005 alitum-terri·

56 1026 323 1110 tium-pulsamve,
344 1030 446 1092 donec
472 1027 561 1091 Otho
585 1050 619 1092 se
640 1029 710 1112 ipse
733 1028 949 1102 interficeret;
972 1034 1041 1090 tum
1063 1028 1119 1089 ab»

54 1110 214 1176 letamen
228 1112 347 1178 oculis:
362 1123 397 1178 et
410 1124 554 1197 tempora
568 1115 799 1198 reputantibus,
816 1114 944 1178 initium
958 1110 1121 1196 finemque

56 1196 233 1263 miratati⁴
254 1220 327 1264 cum
343 1199 481 1264 Othonis
495 1201 588 1263 exitu
604 1198 818 1284 competisse'

62 1282 161 1348 acl,
183 1284 223 1348 111
246 1287 361 1350 funere
383 1286 464 1370 ejus,
488 1295 607 1349 novata
630 1287 719 1350 luctu
741 1308 778 1350 uc
792 1286 901 1349 dolore
916 1285 1053 1349 militnm
1068 1306 1121 1349 se-

55 1366 162 1444 ditio;
199 1392 259 1436 uec
287 1381 367 1449 erut,
400 1373 455 1456 qui
485 1381 659 1437 coerceret.
714 1370 770 1435 Ad
802 1370 994 1456 Verginium
1023 1372 1120 1449 versi,

57 1456 168 1534 nudo,
189 1464 257 1521 ‘'ut
269 1459 427 1540 reciperet
448 1458 639 1542 imperium,'
659 1479 756 1538 nunc,
781 1465 844 1521 ‘nt
859 1459 1017 1542 legatione
1031 1459 1120 1542 apud

58 1536 225 1605 (lucinam
241 1564 292 1607 -ac
322 1542 495 1608 Valentem
524 1544 735 1628 fungeretur,’
757 1543 938 1607 minitantes
966 1545 1123 1623 orabant}

57 1622 246 1709 Verginius,
270 1650 329 1713 per
352 1650 495 1695 aversam
519 1630 633 1695 domos
656 1638 779 1713 partem
803 1630 915 1693 furtim
933 1629 1116 1714 degressus,

55 1709 277 1797 inrumpentes
291 1716 464 1781 frustratus
479 1724 540 1780 est.
578 1715 710 1792 Earum,
727 1738 801 1799 quae
818 1714 957 1778 Brixelli
971 1726 1118 1798 egerant,

56 1797 238 1864 cohortium
261 1823 372 1886 preces
398 1802 542 1866 Rubrius
567 1801 682 1866 Gallus
705 1802 779 1866 tulit
792 1812 822 1875 ς’·
844 1809 879 1865 et
894 1800 988 1864 venia
1008 1801 1119 1865 statim

56 1884 242 1967 inpetrata,
265 1889 513 1953 concedentibus
538 1889 580 1952 ad
606 1889 769 1965 victorem,
797 1884 1030 1971 perFlarium
1059 1885 1118 1951 Sa-

56 1968 181 2046 binum,
197 1973 237 2036 iis
252 1976 361 2058 copiis,
378 1975 496 2059 quibus
509 1975 695 2058 praefuerat.

63 2064 71 2135 2:
101 2054 156 2125 52.
180 2058 292 2123 Posito
318 2060 437 2144 ubique
458 2062 552 2137 bello,
573 2082 689 2144 magna
705 2080 777 2143 pars
793 2065 922 2123 senatus
936 2064 1119 2125 extremum

56 2130 229 2211 discrimen
244 2144 334 2226 adiit,
349 2147 494 2230 prosecta
507 2168 580 2210 oum
597 2145 727 2209 Othone
750 2146 790 2209 ab
813 2143 915 2220 Urbe,
939 2143 1015 2209 dein
1040 2142 1117 2209 Mu-

56 2227 160 2292 tiuoe'
191 2230 314 2296 relicta.
375 2233 459 2297 Illuc
486 2234 622 2297 adverso
651 2234 692 2296 de
721 2231 831 2314 praelio
866 2230 1020 2293 allatumt
1059 2231 1117 2294 sed

55 2312 185 2393 militet,
212 2325 250 2381 ut
274 2317 391 2383 salsum
418 2340 577 2383 rumorem
602 2325 820 2401 aspernantes,
835 2316 935 2399 ·qu0d
956 2315 1116 2379 infensum

56 2396 183 2465 Othoni
202 2414 350 2468 senatum
363 2405 610 2479 arbitrabantur,
626 2404 787 2468 custodire
800 2422 972 2475 sermones,
989 2402 1117 2466 vultum

56 2484 268 2573 habitumque
295 2490 423 2555 trahere
451 2491 484 2555 in
513 2491 677 2555 deterius:
714 2488 865 2552 conviciis
892 2495 1051 2570 postremo
1077 2504 1115 2550 ac

54 2572 181 2656 probris
206 2596 336 2641 causam
360 2586 394 2641 et
418 2576 545 2642 initium
573 2575 671 2642 caedis
701 2576 907 2658 quaerebant:
936 2594 1010 2637 cum
1036 2573 1117 2639 alius

87 2820 102 2847 ⁰
118 2811 267 2880 Manna]
289 2814 323 2865 H.
342 2815 362 2873 i,
382 2818 422 2866 tt.
455 2815 500 2865 Sea
519 2816 573 2865 also
602 2814 726 2864 victricem
735 2813 864 2879 abegisse.⁸

56 2878 127 2927 Suet
138 2880 198 2927 otta
207 2884 233 2928 *1.
636 2881 807 2930 ‘Minilcntea
833 2878 945 2944 orabant]
979 2879 1029 2927 But
1055 2880 1114 2928 botlr

87 2950 108 2986 Ι
122 2941 387 3006 Dccbmfaalnorilnts]
403 2943 458 2992 'l'lrc
475 2958 531 3002 one,
547 2944 576 2994 oi
603 2945 684 2993 below
699 2945 742 2993 the
760 2944 856 3008 dignity
873 2944 901 2992 of
915 2944 1060 3005 Verginium
1076 2946 1116 2993 ior

55 3008 101 3055 tlte
111 3017 177 3056 most
186 3009 305 3070 flagitiosis
315 3010 445 3068 character,
455 3010 527 3057 when
539 3011 572 3057 ba
604 3010 637 3058 he
653 3008 703 3057 had
720 3010 816 3074 already
833 3008 936 3072 spumed
949 3008 992 3056 the
1002 3009 1113 3071 imperial

54 3072 517 3186 martianistae
536 3076 569 3186 *a
601 3072 1114 3202 tatitricliniorum

350 3172 358 3197 1

55 3200 320 3259 exercitamenta
332 3204 364 3250 be
373 3216 433 3264 gave
445 3203 465 3249 it
475 3174 517 3265 npl
602 3204 650 3251 and
663 3201 770 3253 Cercina.

89 3273 102 3307 ⁹
119 3265 250 3316 Ianititato
261 3267 347 3330 aperie]
362 3267 381 3315 i.
389 3281 411 3314 e.
426 3269 490 3315 ‘nou
501 3265 571 3314 visa!
634 3276 649 3301 ¹·
665 3264 844 3328 Rata-tata]
855 3263 961 3313 Rubrius
970 3264 1114 3318 Galluscar·

90 3330 225 3391 'matam
245 3331 373 3395 Lepidam]
405 3329 466 3377 Now
493 3331 571 3379 called
601 3332 655 3381 ried
665 3340 690 3379 to
702 3333 742 3380 tha
753 3344 823 3392 camp
834 3330 861 3377 oi
873 3331 915 3377 tlre
926 3331 1057 3381 Vitellians
1070 3337 1112 3381 tire

56 3392 100 3444 tit
118 3400 193 3444 dotes
209 3395 240 3454 cs
256 3396 358 3458 nggt'o,
370 3395 396 3443 in
414 3395 539 3453 Modeua3
555 3409 571 3442 a
603 3396 733 3445 entreaties
749 3395 777 3443 of
793 3396 833 3442 tlre
852 3396 948 3442 conara
965 3396 1045 3446 which
1065 3399 1112 3445 laad

56 3457 110 3522 city
127 3458 202 3507 about
223 3465 253 3508 15
270 3462 340 3509 miles
353 3461 415 3508 trum
426 3460 570 3525 Brixellum,
603 3459 674 3509 acted
689 3460 749 3507 with
766 3459 834 3507 Otho
851 3467 877 3506 at
890 3460 1037 3508 Brixellum:
1063 3461 1113 3509 and

55 3523 141 3573 where
153 3523 220 3571 Otho
229 3523 294 3572 died.
602 3540 617 3572 a
635 3524 726 3589 pardon
741 3540 789 3572 was
808 3524 972 3587 immediately
990 3524 1112 3580 obtained,

37 3620 42 3627 -
90 3589 196 3638 'Finem
206 3588 301 3651 mirae]
315 3587 451 3645 Suetonius,
460 3588 522 3636 after
531 3588 570 3637 his
602 3588 965 3651 wlrenthetroups,wlrichhad
978 3590 1112 3637 brencom·

56 3661 159 3709 curtem,
174 3653 240 3715 gives
257 3669 287 3701 us
301 3655 368 3701 other
384 3652 570 3701 circumstances
601 3655 705 3702 munded
717 3655 748 3717 by
757 3653 853 3701 Flavius
863 3653 1114 3709 Sabinus‚went0ver

55 3717 203 3780 concerning
222 3717 268 3765 this
285 3717 419 3765 miraclein
432 3718 534 3780 Vespas.
545 3724 569 3766 5.
601 3717 661 3766 with
679 3718 727 3765 him
745 3726 771 3766 tc
788 3718 978 3779 tba'conqueror.
1011 3714 1047 3762 ot
1056 3715 1111 3763 Fla-

55 3780 140 3829 ‘Acie
164 3781 328 3838 Bebriacensi,
345 3783 483 3844 priusquam
503 3796 569 3829 com·
600 3783 654 3831 rius
669 3783 779 3846 Sabinus,
791 3779 944 3844 Vespasiau’s
953 3779 1059 3840 brother,
1069 3794 1111 3830 ree

52 3846 198 3902 mitteretur,
210 3848 269 3893 duas
285 3846 377 3909 aquilas
393 3847 419 3893 in
437 3855 568 3908 conspectu
599 3849 702 3896 marein
715 3848 746 3896 H.
757 3848 775 3904 i,
788 3851 828 3895 to.
838 3847 865 3898 ii,
876 3850 916 3893 ts.

54 3910 161 3958 omnium
179 3911 333 3971 conflixisse3
358 3910 467 3972 victaque
485 3912 567 3967 altere,
631 3921 644 3946 ⁹
660 3913 776 3977 Matina]
792 3910 856 3959 Now
868 3908 981 3958 Medeon.

54 3976 223 4040 supervenisse
234 3976 329 4026 tertium
346 3989 361 4024 u
378 3974 441 4024 Solis
460 3983 521 4031 ortu,
538 3988 567 4025 uc
