2512 4372
49 181 118 239 ac.
135 173 208 254 aa]
377 191 586 242 sannarum
614 191 686 240 urs.
711 178 794 240 x'rv.
827 144 829 149 ⁵
1056 176 1123 242 115

52 333 120 396 que
136 311 373 396 inrumpentem
390 313 551 376 montibus
565 311 709 376 defensi:
734 333 814 396 quos
829 309 980 385 Corbulo,
995 310 1116 376 immis-
1180 326 1183 331 ’

50 401 98 463 sis
108 397 223 472 Iberis,
235 399 384 479 vastavit,
397 399 610 483 hostilemque
621 399 787 462 audaciam
798 409 934 463 externo
945 398 1115 483 sauguine·

54 485 146 548 ultus
162 495 223 549 est.
252 535 254 539 ,
379 504 400 541 a·

98 571 155 636 24.
179 571 256 654 lpse
278 571 517 656 exercitusque,
539 578 576 634 ut
597 569 693 635 nullis
714 592 755 634 ex
779 570 889 654 praelio
913 570 1046 644 damnis,
1067 571 1116 636 ita

54 679 113 741 per
130 657 270 739 inopiam
287 668 321 720 et
336 657 459 722 labores
475 657 676 736 fatiscebant,
693 678 791 720 carue
809 658 967 741 pecudum
987 658 1115 741 propul-

56 765 128 807 sare
146 743 263 807 samem
280 745 398 808 adacti.
442 742 495 807 Ad
513 743 581 808 haee
601 745 734 828 penuria
749 766 853 827 aquae,
869 743 993 806 fervida
1007 752 1114 819 metas,

56 829 235 913 longinqua
248 830 375 910 itinera,
392 832 459 894 sola
473 831 564 894 ducis
578 830 734 915 patientia
749 830 987 914 mitigabantur,
1001 831 1114 894 eodem

55 917 175 998 plura·
198 938 296 1000 quaru
319 916 466 1002 gregario
489 916 590 980 milito
617 917 783 982 tolerante.
830 914 974 980 Ventum
998 916 1115 982 dehiuc'

57 1004 91 1073 iu
107 1003 194 1066 locos
209 1003 331 1076 cultos:
353 1005 574 1088 demessaeque
590 1014 732 1089 segetes:
756 1011 790 1068 et
804 1023 846 1067 ex
858 1003 983 1066 duobus
999 1004 1113 1067 castel-

58 1088 108 1168 lis,
124 1089 157 1156 in
172 1110 245 1173 quae
261 1090 470 1173 confugerant
485 1089 643 1169 Armenii,
665 1090 802 1154 alterum
821 1089 946 1173 impetu
960 1099 1116 1172 captum:

58 1176 117 1260 qui
131 1176 266 1260 primam
283 1176 347 1240 vim
361 1177 561 1261 depulerant,
578 1177 741 1241 obsidione
756 1185 925 1260 coguntur.
968 1174 1067 1240 Unde
1082 1177 1115 1242 in

57 1262 222 1347 regionem
237 1261 501 1328 Tauraunitium*
521 1273 749 1348 transgressus,
764 1263 969 1346 improvisum
987 1263 1114 1346 pericu·

58 1349 126 1413 lum
152 1349 284 1412 vitavit:
314 1371 387 1413 nam
412 1350 499 1414 haud
527 1349 639 1434 procul
664 1350 801 1414 tentorio
827 1349 909 1434 ejus,
933 1370 996 1412 nau
1022 1350 1116 1434 igno·

58 1435 152 1500 bilis⁶
183 1435 335 1500 barbarus
364 1458 438 1501 cam
468 1436 531 1500 telo
560 1445 717 1520 repertus,
746 1436 887 1500 ordinem
918 1436 1114 1512 insidiarum,

59 1543 162 1606 seque
177 1530 339 1586 auctorem
354 1532 388 1586 et
403 1522 504 1588 socios
519 1544 577 1607 per
591 1532 749 1587 tormenta
768 1522 888 1586 edidit:
911 1524 1116 1607 convictique

60 1619 94 1672 et
110 1607 217 1692 puniti
231 1618 316 1684 suut,
331 1610 386 1692 qui
404 1610 511 1693 specie
532 1609 679 1674 amicitiae
699 1609 809 1674 dolum
830 1608 994 1692 parabant.
1041 1609 1116 1674 Neo

60 1695 163 1774 multo
178 1704 251 1779 post
264 1695 364 1780 legati
377 1696 608 1780 Tigranocerta
622 1695 721 1776 missi,
740 1704 871 1780 ‘patere
886 1695 1022 1758 moenia'
1040 1697 1116 1761 affe·

59 1790 147 1862 runt,
175 1786 185 1816 ‘
198 1781 338 1849 intentos
363 1784 533 1867 populares
555 1783 595 1846 ad
615 1781 706 1866 jussa
715 1783 734 1858 ;’
761 1781 857 1846 simul·
880 1781 1036 1866 hospitale
1060 1784 1115 1847 do-

59 1869 167 1948 num,‘¹
186 1889 334 1933 coronam
359 1891 500 1942 auream,
527 1869 716 1933 tradebant:
742 1868 933 1952 accepitque
957 1890 1030 1932 cum
1058 1870 1116 1934 ho-

62 1976 161 2029 uore:
181 1957 430 2040 necquidquam
451 1955 536 2020 Urbi
557 1956 748 2036 detractam,
769 1977 831 2040 quo
854 1955 1009 2040 promtius
1027 1956 1119 2021 obse·

61 2042 176 2126 quium
191 2041 308 2126 integri
323 2043 509 2106 retinerent.
1166 2096 1169 2103 .

103 2128 159 2194 25.
185 2126 378 2193 Praesidium
398 2129 535 2214 regium,
557 2130 644 2214 quod
664 2129 757 2193 ferox
774 2128 928 2212 juventus
947 2129 1117 2205 clauserat,

61 2234 124 2278 uon
144 2213 214 2278 siue
234 2216 407 2279 certamine
426 2225 644 2301 expugnatum
661 2223 729 2280 est:
753 2225 877 2278 namet
896 2215 1040 2297 praelium
1060 2237 1118 2298 pro

61 2301 164 2364 muris
179 2301 249 2365 ausi
262 2311 363 2375 erant,
379 2313 412 2365 et
428 2302 511 2386 pulsi
525 2305 609 2366 intra
624 2302 820 2366 munimenta
835 2301 973 2384 aggeris,
990 2302 1118 2365 demum

62 2395 98 2451 et
111 2386 361 2470 inrumpentium
378 2390 473 2453 armis
488 2409 629 2465 cessere:
650 2411 723 2472 quae
737 2387 864 2451 facilius
878 2387 1118 2472 proveniebant,

62 2473 142 2557 quia
167 2472 281 2539 Parthi
307 2473 461 2560 Hyrcano
488 2477 570 2540 bello
596 2475 842 2540 distinebantur.
898 2473 1118 2558 Miserantque

62 2672 93 2723 Iu
107 2671 195 2722 intimo
204 2688 235 2722 eo
249 2681 325 2722 tractu
341 2673 426 2738 Pityua
442 2673 576 2740 oppidum,’
607 2673 686 2725 called
697 2674 757 2722 from
768 2673 857 2722 Mouut
866 2674 964 2724 Taurus.

63 2739 134 2802 [now
155 2739 308 2802 Pitcbiadad
339 2739 417 2787 'l'hare
437 2740 457 2788 is
475 2741 576 2787 another
640 2740 858 2804 eNorrr'gaoliila's]
882 2740 975 2788 anol'
989 2741 1032 2789 the
1048 2754 1118 2805 gran·

63 2805 165 2880 people'
175 2805 270 2887 cithia
290 2819 361 2853 name
381 2805 518 2853 mentioned
541 2806 576 2870 by
608 2802 676 2880 dees,
686 2820 712 2851 as
722 2805 819 2867 Lipsius
828 2805 916 2880 rightly
928 2806 1054 2865 observem
1070 2809 1118 2884 apd

63 2869 377 2996 Plu-lpqelpioappmm]
404 2934 443 2981 He
454 2936 575 3008 ravenged
608 2869 720 2998 iffi?
728 2871 1119 2991 &rihhi'binuffidrdiytihbogdh

64 2999 108 3048 the
118 2999 207 3047 hostile
216 2999 327 3063 audacity
339 2998 367 3045 ol
381 3001 422 3047 the
432 2999 522 3055 Mardi,
533 3007 577 3048 not
608 2999 675 3055 bulo,
686 3015 739 3048 curu
749 3000 941 3063 Tigranocertam
953 3001 1082 3059 obsideret,
1093 3012 1120 3053 et

65 3065 99 3128 by
122 3063 219 3113 Roman
244 3064 324 3127 blond,
350 3065 393 3113 but
419 3067 452 3129 by
476 3065 528 3112 that
551 3065 580 3114 of
608 3063 717 3113 Armenii
727 3065 1119 3126 pertinacitervideranturtolera·
1153 3087 1158 3097 ·

65 3131 109 3178 the
128 3128 248 3178 Iberiaus.
280 3130 378 3193 Among
397 3129 439 3178 the
459 3128 576 3193 Romans,
609 3130 658 3177 turi
674 3129 833 3187 obsidionem,
843 3130 867 3178 in
879 3131 1008 3192 quemdam
1019 3147 1052 3180 ox
1063 3132 1119 3182 Me·
1199 3147 1204 3163 ’

66 3195 172 3258 ‘ingens
190 3193 296 3242 victoria
310 3194 390 3253 ,decus
407 3195 468 3243 citra
487 3193 577 3243 Rorna-
609 3194 717 3254 gistauis,
736 3209 795 3256 quor
816 3203 922 3257 ceperat,
942 3197 1120 3262 auinradvertit‚

65 3274 126 3309 uum
141 3259 285 3324 sauguinem
302 3258 434 3325 [bellareJ.’
456 3259 506 3309 Vir.
518 3260 578 3324 Agr.
609 3267 731 3322 caputque
742 3259 803 3322 ejus,
814 3259 902 3309 balista
909 3274 1048 3326 excussum,
1057 3263 1121 3312 iutra

66 3328 108 3373 ³5.
610 3325 759 3373 munimenta
778 3324 884 3373 hostiurn
904 3326 982 3376 misit:
1009 3328 1035 3376 id
1057 3328 1119 3378 torte

99 3388 304 3452 ‘Eodgmplurd
323 3389 527 3451 Eodemt'oripao.
546 3389 578 3438 So
610 3387 701 3437 decidit
720 3389 747 3438 in
766 3388 872 3438 medium
897 3391 1033 3450 concilium,
1054 3394 1134 3456 quod¹

67 3453 208 3516 Virg.AEn.
222 3455 322 3510 intua
355 3454 408 3503 ‘Te
425 3465 521 3518 propter
537 3455 578 3501 Li·
609 3462 721 3502 :amcam
732 3451 1119 3518 maximehabebautbarbari3dd

65 3518 136 3583 hyre
159 3529 254 3581 gentes,
274 3519 457 3582 Nomadumque
483 3518 579 3584 tyrmrni
610 3519 679 3584 cujus
694 3530 858 3582 conspectum,
868 3522 935 3570 velut
948 3516 1052 3580 ostento,
1063 3539 1121 3573 cou-

68 3584 163 3644 Odere:
173 3584 262 3632 infensi
271 3585 352 3649 Tyrii:
367 3594 393 3632 te
403 3593 501 3648 propter
509 3599 578 3632 eura·
609 3584 711 3632 sternati
721 3587 750 3632 ad
761 3585 908 3634 deditionem
918 3587 1110 3636 festinaverant!

67 3650 124 3698 doru
143 3649 275 3698 Extinctus
300 3652 387 3713 pudor,
408 3660 434 3698 et
456 3664 504 3712 qua
530 3650 580 3696 sola
643 3647 906 3715 ‘Hospitaledoaum
933 3651 1016 3700 Sothe
1027 3655 1086 3715 king
1096 3653 1124 3700 of

66 3713 147 3763 sidera
157 3716 265 3775 adibam,
275 3714 348 3762 Fama
358 3712 440 3778 prior!
611 3713 651 3761 the
671 3714 783 3763 Nabataei
800 3714 889 3764 offered
912 3717 966 3778 gold
985 3732 1077 3765 crawns
1096 3718 1124 3766 of

100 3777 111 3811 ⁶
128 3780 326 3843 Tauraunitium]
344 3780 410 3827 That
420 3779 461 3827 the
472 3778 578 3826 Taurau-
610 3779 804 3842 gmatweightta
814 3780 1121 3844 GermauieuaaadAgrtp-

67 3844 131 3893 nites
151 3845 217 3894 lived
238 3845 350 3894 between
371 3845 413 3892 the
433 3842 513 3891 Mardi
531 3843 578 3891 aad
611 3844 677 3907 pina,
689 3846 736 3892 aud
752 3846 813 3908 light
827 3861 886 3895 oues
901 3853 927 3894 to
943 3846 1001 3894 Piso
1016 3846 1063 3894 aud
1081 3848 1121 3894 tire

66 3908 248 3973 Tigranocerta,
265 3911 287 3959 ir
302 3911 364 3958 clear
379 3910 440 3958 from
455 3907 581 3958 Corbulo's
611 3916 672 3960 reat:
690 3909 722 3958 A.
732 3909 759 3966 ii,
771 3915 812 3960 67.

67 3974 116 4032 lius
126 3975 154 4026 ui
161 3975 256 4027 much.
287 3974 398 4039 Perhaps
410 3974 470 4038 they
481 3989 542 4023 wera
552 3989 579 4022 ao
