2512 4372
41 2628 47 2634 '
100 2629 128 2676 oi
137 2630 177 2676 tbe
187 2628 338 2676 descendant
348 2630 374 2677 of

95 228 162 280 nc.
177 213 251 299 stt]
416 228 626 278 susumus
656 227 730 277 crs.
758 226 831 277 ιιι.
1114 210 1158 276 lt

95 368 152 430 pro
167 347 310 423 fortuna,
326 347 514 412 disseruisse
536 347 621 430 apud
638 344 801 409 Caesarem
823 344 999 411 serebatur.
1047 344 1157 409 Elata-

97 454 163 517 qne
179 455 245 498 vox
259 435 331 520 ejus
346 434 380 497 in
394 434 529 517 vulgum
551 432 638 496 bisce
653 432 778 496 verbis:
803 436 813 466 ⁴
828 430 904 495 Non
920 453 991 495 aum
1006 433 1157 495 remissus

97 519 139 582 ad
154 530 200 595 te,
214 521 270 585 sed
287 540 452 585 reversus:
477 518 538 593 vel,
552 518 655 581 sinon
670 517 785 592 credis,
796 518 936 597 dimitte,
952 527 985 581 et
997 538 1107 600 quaere
1118 518 1158 579 :⁹³

98 606 192 670 vultu
208 626 339 691 quoqne
361 604 530 668 interrito¹
544 604 729 689 permansit,
744 625 818 667 cum
841 614 945 667 rostra
957 604 1067 687 juxta,
1084 624 1158 666 cns·

99 691 227 756 todibns
242 693 472 767 circumdatus,
489 690 571 754 omui
587 690 704 774 populo
719 690 927 774 preberetur.
967 688 1157 753 Consularis

100 777 255 862 insignia'
269 778 388 851 Ciloni,
406 775 538 859 Aquilae
553 777 721 860 praetoria¹
736 777 961 840 decernuntur.

142 862 199 927 22.
223 862 346 928 Iisdem
362 863 556 938 consulibus,
573 871 666 925 atrox
682 860 754 925 -odii
776 859 967 961 Agrippina,
984 882 1021 924 ac
1046 859 1156 925 Iollise

101 947 235 1024 insensa,
251 950 339 1035 qnod
355 970 464 1012 secum
486 950 528 1013 de
543 947 743 1027 matrimonio
762 944 925 1031 Principis
946 946 1157 1024 cessavisset:

101 1035 229 1098 molitur
250 1036 392 1107 crimina,
408 1047 442 1098 et
456 1042 684 1110 accusatorem,
699 1032 756 1117 qui
778 1032 933 1116 objiceret
950 1042 958 1067 ¹
973 1030 1154 1107 Cbaldaeos,

102 1138 221 1203 magos,
234 1120 529 1206 interrogatumque
541 1119 699 1203 Apollinis
711 1118 833 1183 clarii·
846 1119 1049 1183 simulacrum
1062 1138 1157 1201 super

102 1203 1158 1375 arribannus,trsilebimus‘lassat‘

102 1376 248 1441 Volusii'
270 1380 424 1462 genitam,
446 1378 599 1461 majorem
622 1377 653 1440 ei
676 1386 826 1459 patruum
850 1376 979 1441 Cottam
1008 1374 1157 1439 Messali-

101 1472 198 1526 num'
211 1485 294 1539 esse,
309 1463 463 1527 Memmio
485 1464 645 1546 quondam
669 1462 799 1545 Regulo
822 1461 981 1545 nuptam?
1002 1462 1092 1546 (nam
1114 1462 1156 1526 de

102 1547 142 1612 C.
160 1547 301 1613 Caesaris
315 1550 454 1633 nuptiis!
468 1547 613 1612 consulto
628 1546 796 1626 reticebat)
810 1548 936 1613 addidit
956 1557 966 1581 ⁴
978 1548 1156 1629 perniciosa

102 1634 135 1697 in
149 1635 379 1718 rempublicam
394 1635 538 1709 consilia,
554 1642 588 1697 et
604 1633 769 1696 materiem
784 1633 895 1697 sceleri
916 1633 1154 1697 detrabendum.

104 1721 213 1795 Proin,
234 1721 406 1805 publicatis
428 1720 529 1795 bonis,
552 1720 684 1783 cederet
707 1717 824 1782 Italia!
867 1718 920 1782 Ita
940 1718 1155 1803 quinquagies

102 1806 306 1870 sestertinm¹
326 1828 369 1870 ex
385 1806 496 1890 opibus
518 1804 680 1869 immensis
703 1804 792 1868 exuli
814 1805 971 1868 relictum.
1018 1803 1062 1866 Et
1079 1802 1155 1866 cat-

102 1892 216 1974 purnia
229 1891 374 1956 inlustris
389 1892 524 1955 foemina
537 1888 743 1975 pervertitur,
760 1890 837 1973 quia
852 1891 985 1953 sormam
1001 1890 1072 1974 ejus
1087 1888 1155 1953 lau·

102 1977 236 2042 deserat
260 1978 427 2061 Princeps,
452 1976 539 2041 nulla
568 1976 710 2051 libidine,
741 1976 796 2038 sed
827 1976 960 2039 fortuito
990 1996 1153 2039 sermone:

103 2062 186 2127 unde
200 2062 250 2127 vis
273 2063 465 2148 Agrippinae
481 2061 710 2126 citraultima⁴
725 2061 825 2126 stetit.
871 2061 912 2125 In
929 2060 1064 2125 Lolliam
1081 2060 1156 2124 mit-

100 2148 181 2212 titur
194 2148 353 2223 tribunus‚
369 2172 388 2214 a
404 2150 519 2232 quoad
536 2157 671 2212 mortem
691 2148 888 2230 adigeretur.
928 2146 1107 2210 Damnatus
1122 2156 1156 2211 et

100 2233 173 2321 lege
184 2236 435 2319 repetundarum
452 2234 573 2299 (ladius
589 2233 722 2315 Rufus,⁶
733 2233 956 2297 accusantibus
971 2232 1132 2316 Bithynis.

130 2442 148 2476 Ρ
157 2434 272 2493 Dimitte,
280 2441 304 2485 et
312 2432 403 2498 aare]
420 2434 485 2485 Vtin
496 2433 613 2499 langnags
644 2447 693 2544 quo
704 2431 796 2479 derivat
805 2440 932 2479 ammaonte
940 2444 1037 2485 nomem
1045 2429 1077 2478 Et
1086 2446 1156 2495 reges

99 2498 295 2548 lorawretcbed
304 2500 397 2562 princa
671 2497 759 2558 utnlos,
777 2506 838 2544 teste
856 2495 968 2551 Marone,
986 2495 1075 2544 refert?
1107 2498 1154 2546 See

132 2570 146 2604 t
165 2564 405 2677 Vultu-interrita
411 2563 470 2612 This
485 2562 507 2611 is
516 2563 613 2627 vortby
645 2560 733 2623 virgil,
742 2560 801 2608 AEn.
810 2561 845 2616 xi,
857 2564 916 2623 408,
926 2564 984 2611 464.

407 2630 550 2677 cbemenes.
577 2628 613 2675 To
677 2627 799 2674 'conam
810 2625 978 2701 Messalinam]
994 2625 1042 2673 Son
1053 2625 1080 2673 ot
1088 2625 1155 2673 birs-

101 2692 614 2769 bevqnqqisbedisbnman,tobebmken
646 2690 750 2767 salatbe
765 2701 851 2739 «amtor.
885 2689 992 2739 Cottam
1009 2689 1103 2753 praised
1121 2692 1155 2755 by

101 2757 433 2881 npp‘pxlprsiq.mm]
464 2818 614 2875 Tbelasces.
646 2753 1156 2876 ibnlldrbbfibbdniubidifilotti?bibio:

98 2885 145 2935 tba
160 2886 245 2934 curule
262 2885 337 2941 cbair,
348 2887 388 2932 tbe
404 2892 469 2948 toga,
487 2885 535 2933 and
552 2899 613 2948 pre·
645 2884 768 2931 Pieridum
786 2884 878 2944 lumen,
895 2883 1078 2947 praesidiumque
1096 2882 1156 2944 lorl;

98 2959 176 2998 texta.
646 2948 769 2995 Maternos
780 2947 865 2996 Cottas
879 2949 917 2995 coi
929 2948 1094 3009 Messalasque
1112 2962 1155 3009 pn·

134 3013 257 3077 'Aquilae
265 3012 391 3076 pretorio]
420 3011 501 3060 Julius
513 3011 613 3075 Aquila,
646 3020 726 3060 ternos
746 3013 854 3061 Maxima
874 3012 989 3060 nobilitas
1010 3011 1156 3074 ingeminata

100 3078 130 3126 of
139 3079 218 3126 whom
229 3078 254 3126 in
263 3079 302 3126 cb.
314 3082 354 3126 lo.
373 3075 425 3123 'l'be
435 3076 540 3139 insignis
551 3092 613 3140 prae·
645 3076 730 3124 dedit)

101 3143 164 3191 toria
184 3157 224 3189 are
245 3142 287 3190 the
308 3140 429 3196 laticlave,
450 3142 491 3188 the
512 3140 613 3203 paluda-
677 3149 690 3183 r
709 3142 738 3189 C.
753 3140 858 3190 Caemris
869 3140 972 3204 nuptiis]
990 3137 1028 3187 On
1041 3138 1082 3186 tbe
1092 3154 1155 3187 mar·

100 3215 221 3268 mcntmn,
239 3205 282 3253 the
299 3205 381 3254 curule
397 3204 522 3260 absintho
550 3220 613 3268 pras·
644 3204 710 3267 riage
727 3203 754 3251 ol
773 3205 849 3253 Caius
867 3204 980 3267 Caligula
1001 3205 1048 3251 and
1068 3204 1156 3259 Lollia,

100 3279 177 3328 term,
189 3271 261 3334 rings,
273 3286 286 3317 a
298 3268 381 3323 sword,
393 3270 440 3315 and
452 3283 532 3331 spear.
645 3284 685 3316 ree
701 3269 801 3316 Seston.
823 3269 893 3332 Caio,
915 3275 956 3318 ⁶16.
989 3267 1048 3324 Dio,
1067 3268 1113 3324 lix,
1129 3283 1156 3333 p.

134 3337 145 3368 ¹
161 3334 320 3398 cernebat]
348 3333 396 3381 For
406 3334 456 3382 this
467 3338 562 3382 contest
573 3347 614 3381 see
646 3338 705 3382 048.

101 3400 144 3449 cb.
157 3404 170 3448 l
182 3400 230 3448 and
242 3402 267 3447 1.
678 3404 690 3431 ¹
709 3396 1029 3462 Quinquagiessertertr'am]
1047 3399 1157 3451 4111661.

135 3471 150 3496 “
164 3463 285 3528 Apollinis
304 3462 396 3527 Clarii]
428 3461 474 3509 See
485 3460 517 3509 A.
531 3460 559 3524 ii,
573 3466 614 3510 54.
648 3466 701 3511 las.
722 3464 765 3511 sd.
806 3462 859 3509 Tbe
884 3463 998 3509 immense
1019 3462 1107 3508 wenltb
1131 3461 1158 3508 ol

101 3528 150 3576 See
160 3529 213 3576 also
223 3527 301 3578 acoin
312 3527 340 3574 ol
348 3524 389 3575 tbe
407 3525 553 3637 Colophonii
565 3525 614 3573 and
646 3525 725 3574 Lollia
735 3540 780 3574 can
791 3526 822 3573 be
833 3526 962 3574 estimated
972 3526 1033 3573 from
1046 3525 1156 3574 orbature

100 3594 145 3641 abe
160 3592 258 3642 Clarisn
274 3591 376 3654 Apollo,
389 3591 415 3638 in
432 3590 468 3638 Pe
478 3590 548 3646 lerin,
563 3590 615 3638 Re·
647 3591 697 3639 said
709 3590 734 3637 ln
745 3591 781 3639 St·
793 3590 822 3639 C.
834 3595 876 3640 89.

100 3657 167 3704 cneil
184 3657 215 3706 de
232 3655 361 3705 Medailles
376 3658 408 3704 de
424 3654 529 3718 Peuples
544 3662 568 3702 et
583 3653 614 3702 de
679 3663 692 3687 ⁸
710 3655 781 3704 Citra
791 3656 888 3720 altimo]
911 3653 1043 3717 Agrippina
1053 3653 1157 3701 allowed

101 3722 191 3778 Villes,
204 3723 253 3769 vol.
264 3722 290 3776 ii.
300 3734 327 3783 p.
337 3724 379 3769 73.
647 3719 776 3781 Calpumin
798 3727 823 3767 to
844 3721 902 3773 live,
919 3722 1020 3767 became
1042 3717 1157 3766 Claudios

135 3793 147 3818 ¹¹
163 3786 195 3835 L.
211 3786 315 3848 Volusii]
325 3784 380 3843 ‚See
391 3782 488 3839 exiii,
499 3787 541 3832 80.
561 3781 614 3830 The
646 3783 693 3831 bad
705 3798 737 3832 uo
754 3785 807 3831 love
823 3784 860 3832 ior
876 3784 933 3831 her:
952 3785 1004 3837 but,
1016 3783 1086 3843 being
1099 3781 1156 3826 hos·

100 3850 211 3907 Volusii,
223 3866 250 3899 ss
261 3864 352 3913 sprung
366 3849 425 3896 trem
444 3848 486 3894 the
499 3847 615 3895 Rutulian
646 3849 689 3896 tile
708 3857 733 3896 to
751 3848 839 3911 Lollia,
858 3849 901 3897 she
920 3856 975 3897 sent
991 3861 1005 3893 a
1021 3846 1115 3893 tribune
1131 3853 1157 3890 to

99 3915 186 3978 kings,
202 3929 244 3962 are
261 3912 385 3976 eulogised
403 3914 437 3976 by
455 3911 574 3968 Rutilius,
591 3911 617 3958 in
651 3914 767 3974 despatcb
778 3913 833 3960 ber.

99 3976 619 4036 ltinesario‚vs.1os=«Quivoturianti-
682 3977 694 4010 ⁶
718 3976 809 4026 Cadius
830 3977 922 4042 Rarus]
958 3974 1004 4022 Sec
1029 3967 1159 4019 Pellerin’s
