2512 4372
61 183 216 265 r.c.65.]
392 200 603 250 annaurun
628 201 704 249 ura.
728 200 796 248 xv.
1056 180 1126 250 181'

61 317 192 390 milites,
208 327 242 382 et
264 319 479 383 defensionem
495 341 598 397 orsus,
623 328 632 355 ‘
650 318 796 392 Ferrum,
812 314 903 402 cujus
919 331 1134 403 argueretur,

60 402 138 467 olim
158 405 314 488 religione
338 407 440 488 patria
464 407 598 480 cultum,
616 416 650 469 et
673 407 706 469 in
731 404 878 469 cubiculo
904 403 1057 480 habitum,
1083 428 1123 471 ac

61 489 178 553 fraude
192 492 297 555 liberti
312 492 521 574 subreptum,'
537 493 710 574 respondit.
759 500 767 526 ⁸
783 490 922 554 Tabulas
938 493 1122 557 testamenti

62 576 181 660 saepius
206 599 225 640 a
248 598 293 648 se,
309 588 343 640 et
364 578 556 642 incustodita
570 579 694 640 dierum
711 577 944 659 observatione,
961 578 1120 661 signatas:

61 664 214 745 pecunias
240 674 273 728 et
295 663 460 726 libertates
478 664 582 726 servis
597 673 630 727 et
645 673 720 727 ante
734 663 817 726 dono
832 662 945 737 datas;
968 665 1024 726 sed
1048 664 1123 728 ideo

63 761 141 811 tunc
169 748 301 832 largius,
330 751 406 832 qnia
432 751 519 813 tenui
538 749 605 832 jam
632 771 665 813 re
689 748 848 822 familiari,
873 755 908 810 et
930 748 1123 814 instantibus

61 835 288 913 creditoribus,
327 846 517 899 testamento
553 835 732 898 diffideret:
777 835 941 897 enimvero
977 833 1123 900 liberales

61 942 191 1004 semper
206 923 316 1004 epulas
331 922 498 1000 struxisse,
514 931 548 985 et
562 922 659 984 vitam
674 927 860 998 amoenam,'
880 927 914 983 et
930 919 1018 984 duris
1033 921 1124 1003 judi-

61 1005 153 1070 cibus
183 1030 294 1090 parum
323 1009 508 1092 probatam:
540 1008 680 1071 sementa
706 1007 890 1070 vulneribus
916 1004 1003 1069 nulla
1028 1007 1122 1089 jussu

42 1115 144 1168 ,suo;
177 1095 232 1157 sed
260 1094 338 1177 quia
362 1104 470 1157 cetera
495 1093 600 1177 palam
626 1113 709 1156 vana
737 1090 917 1176 objecisset,
946 1092 1123 1183 adjungere

61 1179 194 1252 crimen,
220 1182 313 1265 cujus
337 1200 371 1243 se
394 1180 512 1263 pariter
532 1179 669 1242 indicem
684 1186 718 1241 et
734 1186 848 1241 testem
864 1178 1008 1242 faceret?
1053 1179 1124 1242 Ad·

56 1263 133 1348 jicit
158 1266 253 1329 dictis
280 1266 511 1330 constantiam:
545 1265 670 1329 incusat
701 1264 784 1327 ultro
818 1264 1057 1328 ‘intestabilem
1088 1272 1121 1328 et

61 1352 336 1426 consceleratum,'
362 1362 452 1415 tanta
468 1351 553 1414 vocis
568 1373 607 1413 ac
623 1350 733 1413 vultus
748 1351 931 1425 securitate,
949 1360 986 1413 ut
1001 1349 1123 1414 labaret

61 1436 226 1512 iudicium,
258 1440 318 1502 nisi
349 1437 516 1501 Milichum
547 1458 629 1500 uxor
666 1437 892 1514 admonuisset,
917 1435 1121 1501 ‘Antonium

63 1520 218 1587 Natalem
247 1526 349 1588 multa
375 1545 448 1586 cum
464 1522 615 1586 'Scevino
641 1544 677 1586 ac
703 1518 827 1586 secreta
856 1520 1060 1596 collocutum,
1088 1532 1123 1587 et

62 1630 134 1672 esse
150 1619 304 1694 utrosque
321 1609 361 1673 C.
379 1608 505 1673 Pisonis
521 1607 668 1672 intimos?

105 1695 161 1760 ⁵6.
187 1696 276 1779 Ergo
304 1696 427 1760 accitur
458 1694 609 1758 Natalis:
647 1704 681 1757 et
717 1692 835 1756 diversi
871 1692 1120 1777 interrogantur,
1165 1750 1169 1757 .

65 1781 234 1864 ‘quisnam
257 1783 284 1846 is
307 1803 421 1860 sermo,
447 1803 512 1863 qua
535 1782 576 1844 de
600 1801 633 1843 re
657 1779 810 1842 t·uissett’
832 1799 905 1841 cum
926 1790 1039 1841 exorta
1054 1802 1122 1842 sus·

63 1866 157 1950 picio,
172 1869 248 1951 quia
263 1891 322 1932 uon
338 1868 546 1951 congruentia
560 1867 806 1950 responderant;
820 1865 874 1928 ind
923 1885 987 1947 que
1002 1865 1121 1927 vincla:

62 1962 96 2016 et
126 1963 353 2018 tormentorum
385 1965 548 2036 aspectum
577 1974 614 2015 ac
645 1953 746 2015 minas
775 1973 837 2014 uon
866 1961 980 2014 tuere.
1028 1949 1122 2012 Prior

63 2047 170 2103 tameo
198 2039 336 2113 Natalis,
364 2040 461 2110 totins
487 2037 715 2121 conjurationis
742 2037 842 2120 magis
869 2058 998 2120 gnarus,
1027 2036 1120 2098 simul

61 2127 220 2208 arguendi
257 2127 399 2209 peritior,
430 2125 470 2187 de
502 2122 620 2188 Pisone
651 2125 788 2208 primum
817 2123 960 2185 fatetur:
1005 2121 1121 2184 deinde

62 2213 176 2295 adjicit
202 2210 362 2275 Annaeum
394 2210 562 2283 Senecam,
591 2211 659 2274 sive
688 2208 904 2273 internuntius
934 2207 1018 2269 inter
1047 2228 1120 2269 eum

64 2295 281 2382 Pisonemque
307 2299 381 2376 suit,
410 2299 479 2359 sive
507 2305 544 2361 ut
571 2295 711 2360 Neronis
738 2295 874 2378 gratiam
902 2302 1038 2375 pararet,
1064 2294 1121 2374 qui

61 2384 205 2448 infensus
229 2388 373 2458 Senecas,
398 2403 506 2447 omnes
533 2383 572 2446 ad
590 2403 663 2445 eum
690 2379 930 2463 opprimendum
947 2385 1030 2441 artes
1046 2400 1120 2440 oon·

25 2508 30 2515 ·
61 2471 221 2553 quirebat.
267 2471 361 2542 Tum,
378 2470 505 2551 cognito
522 2467 651 2531 Natalis
665 2467 794 2540 iudicio,
811 2464 969 2529 Scevinus
991 2485 1120 2546 quoque

62 2558 130 2639 pari
158 2557 386 2629 imbecillitate,
411 2577 450 2618 ao
476 2568 592 2617 cuncta
615 2555 682 2638 jam
709 2551 870 2635 patefacta
893 2550 1035 2622 credens,
1061 2570 1120 2613 nec

61 2643 163 2706 ullum
191 2643 309 2706 silentii
336 2642 594 2714 emolumentum,
623 2639 726 2704 edidit
750 2648 894 2701 ceteros:
931 2656 974 2697 ex
1004 2635 1119 2719 quibus

63 2728 227 2808 Lucanae,
252 2727 523 2810 Quintianusque,
548 2741 583 2790 et
606 2725 742 2788 Senecio
767 2724 820 2786 diu
847 2724 1007 2786 abnuere:
1035 2731 1118 2803 post,

62 2817 216 2899 promissa
231 2815 421 2896 impunitate
435 2813 587 2894 corrupti,
610 2833 674 2893 quo
704 2810 888 2873 tarditatem
914 2817 1118 2878 excusarent,

63 2901 214 2966 Lucanus
230 2901 365 2964 Aciliam
392 2909 523 2962 matrem
549 2920 649 2973 suam,
668 2896 864 2976 Quintianus
880 2893 1022 2957 Gliciam
1041 2890 1119 2956 Gal·

61 2988 139 3062 lum,
172 2988 307 3052 Senecio
340 2986 479 3050 Annium
512 2983 700 3061 Pollionem,
731 2983 904 3045 amicorum
930 2979 1132 3063 praecipuos,-

61 3076 276 3139 nominavere.

102 3164 158 3226 57.
182 3158 295 3243 Atque
321 3158 449 3222 iuterim
482 3154 582 3228 Nero,
614 3154 798 3218 recordatus
828 3150 955 3214 Volusii
991 3149 1118 3213 Proculi

61 3248 178 3311 iudicio
216 3245 409 3328 Epicharin*
447 3242 585 3313 attineri,
623 3250 778 3322 ratusque
814 3237 968 3301 muliebre
1005 3259 1120 3320 corpus

61 3334 164 3418 impar
188 3333 300 3406 dolori,
324 3340 332 3365 ‘
351 3328 516 3393 tormentis
538 3325 719 3403 dilacerari’
738 3326 844 3409 jubet.
889 3321 937 3386 At
955 3323 1039 3386 illam
1057 3344 1119 3385 non

63 3422 206 3492 verbera,
233 3424 293 3481 ndn
317 3418 419 3498 ignes,
445 3437 506 3478 non
531 3414 579 3476 ira
600 3435 639 3475 eo
663 3413 768 3476 acrius
791 3410 1020 3493 torquentium,
1038 3431 1077 3470 ne
1100 3431 1145 3474 a⁴

62 3507 197 3569 foemina
221 3512 457 3587 spernerentur,
477 3502 653 3583 pervicere,
678 3499 756 3582 quin
780 3497 907 3580 objecta
932 3497 1117 3582 denegaret.

62 3593 117 3657 Sic
139 3592 262 3676 primus
283 3589 469 3673 quaestionis
488 3586 557 3649 dies
577 3594 767 3648 contemtus.
812 3583 960 3656 Postero,
982 3602 1054 3643 oum
1077 3579 1119 3642 ad

62 3679 191 3743 eosdem
216 3679 377 3740 cruciatus
397 3672 614 3737 retraberetur
638 3670 815 3754 gestamine
834 3669 932 3744 sellae,
950 3672 1036 3743 (nam
1056 3665 1118 3726 dis·

97 3863 178 3914 'Vin
199 3861 260 3924 ω]
298 3859 363 3907 Tbat
382 3858 414 3906 he
436 3857 485 3905 had
506 3856 576 3918 giren
608 3851 852 3905 trahentesque.

64 3928 150 3978 liberal
172 3925 376 3980 entertainruents,
399 3920 447 3970 aad
468 3923 520 3969 that
540 3920 577 3968 bis
641 3915 810 3981 ‘Epicltorffl
828 3914 873 3964 Ch.
885 3917 925 3962 ul.

133 4015 189 4064 Tae.
584 4005 622 4053 11.
1034 3999 1057 4056 Q
