2512 4372
68 223 136 276 ac.
152 203 223 306 693]
277 227 282 238 ’
384 225 649 276 ursronrnanu
676 226 800 276 urar.
1037 205 1116 277 221

69 345 144 408 olim
165 345 301 408 virtutes
323 345 523 412 verebantur.
568 345 717 412 Accessit
742 345 957 425 Galbam,
981 365 1038 428 pro
1064 366 1113 407 re-

68 431 200 514 publica
213 432 353 506 honesta,
370 433 431 516 ipsi
447 454 573 517 anceps,
594 435 679 518 ‘legi
696 455 716 497 a
731 455 765 497 se
780 433 929 508 militem,
940 453 1002 496 non
1017 431 1079 495 emi
1090 432 1114 495 :'

69 539 130 581 nec
145 519 229 580 enim
245 520 284 582 ad
303 518 382 582 hanc
397 519 530 584 formam
546 528 653 584 cetera
667 526 769 583 erant.

112 604 145 667 6.
181 603 366 668 Invalidum
389 627 496 668 senem
519 607 558 669 Τ.
578 605 717 671 Vinius'⁸
744 614 778 669 et
805 600 1115 677 CorneliusLaooss

69 690 154 753 alter
174 692 363 754 deterrimus
383 692 574 767 mortalium,
592 693 672 756 alter
685 691 919 776 ignavissimus,
935 689 1006 753 odio
1022 690 1115 773 flagi·

70 777 189 849 tiorum
203 781 385 852 onerabant,
401 786 562 843 contemtu
577 779 701 843 inertiae
718 779 932 843 destruebant.
945 792 947 797 ·
972 776 1114 839 Tardum

71 861 187 927 Galbae
210 864 273 928 iter
302 874 336 928 et
358 873 536 940 cruentum,
567 865 744 931 interfectis
772 863 931 948 Cingonio
957 861 1112 936 Varrone,

71 951 202 1012 consule
213 950 390 1034 designato,
406 960 440 1012 ct
455 952 607 1016 Petronio
631 951 828 1033 Turpiliano,
858 949 1031 1013 consulari:
1048 948 1113 1027 ille,

71 1045 110 1098 ut
126 1035 314 1120 Nymphidii
335 1038 449 1117 socius,
470 1037 533 1114 hic,
554 1049 592 1102 ut
614 1038 681 1101 dux
703 1036 853 1112 Neronis,
868 1035 1003 1103 inauditi
1017 1042 1115 1117 atque

71 1122 240 1197 indefensi,
271 1132 432 1206 tamquam
457 1123 651 1199 innocentes
677 1125 850 1207 perierant.
894 1121 1052 1186 Introitus
1081 1121 1114 1184 in

72 1205 207 1282 Urbem,
225 1211 388 1273 trucidatis
406 1216 453 1273 tot
474 1211 612 1274 millibus
640 1211 806 1274 inermium
829 1207 1114 1287 militumr-infans

72 1302 129 1358 tus
141 1296 256 1373 omine,
273 1305 369 1379 atque
381 1297 458 1377 ipsis
475 1298 572 1361 etiam
597 1298 653 1380 qui
679 1297 861 1360 occiderant
882 1294 1113 1361 formidolosus.

72 1378 214 1445 Inducta
231 1383 353 1466 legione
377 1380 555 1466 Hispana?
575 1391 759 1447 remanente
780 1404 828 1457 ea,
850 1403 945 1466 quarn
960 1403 979 1444 e
993 1381 1115 1445 classe?

75 1464 165 1531 Nero
180 1470 418 1552 conscripserat,
433 1471 526 1552 plena
540 1469 626 1534 Urbs
638 1469 782 1534 exercitu
796 1469 943 1533 insolito:
966 1467 1058 1532 multi
1073 1467 1115 1530 ad

71 1553 133 1616 hoc
155 1556 297 1618 numeri'
321 1577 340 1618 e
363 1553 538 1619 Germania
560 1577 596 1619 ac
618 1556 785 1619 Britannia
801 1563 842 1620 *et
865 1554 1013 1638 Illyrico,
1035 1574 1115 1638 quos

71 1640 158 1703 idem
176 1640 274 1714 Nero,
290 1642 407 1708 electos
421 1642 663 1726 praemissosque
686 1641 727 1705 ad
741 1641 880 1704 claustra
898 1639 1117 1724 Caspiarum,⁸

72 1735 108 1790 et
124 1727 242 1790 bellum
268 1729 353 1812 quod
375 1729 407 1791 in
430 1728 571 1792 Albanos
596 1728 739 1811 parabat,
764 1726 1116 1811 opprimendis-Vindi-

72 1813 120 1876 cis
142 1815 258 1898 ooeptis
280 1824 502 1878 revocaverat:
526 1815 650 1899 ingens·
669 1813 758 1901 novis
789 1814 883 1877 rebus
909 1813 1052 1889 materia,
1078 1821 1115 1876 ut

71 1921 135 1963 non
151 1900 183 1962 in
200 1923 298 1964 unum
312 1901 449 1984 aliquem
462 1903 695 1985 pronefavore,
711 1901 758 1963 ita
772 1900 902 1964 audenti
916 1909 1036 1984 parata.
1046 1906 1058 1944 ’ν
1098 1901 1108 1921 ‘¹

116 1988 149 2050 7.
174 1984 272 2052 Forte
295 1997 495 2070 congruerat,
520 1997 557 2051 ut
580 1987 685 2052 Clodii
701 1986 804 2051 Macri
817 1996 851 2050 et
869 1987 997 2051 Fonteii
1018 1986 1117 2071 Capi,-

72 2072 156 2136 tcnis
171 2074 275 2137 caedes
297 2075 531 2138 nuntiarentur.
575 2073 731 2152 Macrum,
753 2074 786 2136 in
806 2071 920 2136 Africa
940 2073 1030 2136 haud
1057 2074 1115 2136 du·

72 2159 127 2221 bie
151 2161 342 2234 turbantem,
367 2161 544 2224 Trebonius
572 2159 785 2235 Garucianus,
810 2167 1005 2243 procurator,
1022 2160 1116 2243 jussu

73 2243 206 2319 Galbae3
231 2245 418 2330 Capitonem
441 2247 472 2310 in
500 2247 682 2322 Germania,
708 2268 779 2310 curn
805 2246 927 2309 similia⁴
945 2256 1114 2329 coeptaret,

73 2329 242 2396 Cornelius
258 2333 406 2416 Aquinus
421 2342 454 2397 et
469 2332 588 2397 Fabius
609 2333 740 2406 Valens,
763 2333 863 2416 legati
884 2332 1051 2416 legionum,
1069 2331 1116 2395 in·

72 2418 267 2482 terfecerant
291 2428 460 2504 antequam
478 2420 679 2504 juberentur.
725 2418 831 2482 Fuere
860 2419 917 2503 qui
940 2419 1114 2493 crederent,

74 2504 274 2588 Capitonem,
290 2516 327 2568 ut
342 2507 475 2570 avaritia
497 2515 531 2568 et
551 2506 681 2569 libidine
703 2506 827 2568 soedum
850 2527 887 2569 ac
910 2504 1115 2580 maculosum,

71 2592 121 2654 ita
135 2592 325 2675 cogitatione
341 2614 446 2656 rerum
469 2613 622 2656 novarum
642 2592 850 2668 abstinuisse;
872 2592 927 2655 sed
950 2613 969 2654 a
990 2591 1116 2675 legatis,

73 2676 193 2741 bellum
213 2679 431 2759 suadentibus,
454 2687 622 2763 postquam
643 2679 806 2762 impellere
821 2677 1033 2761 nequiverint,
1057 2679 1118 2740 ori-

104 2837 119 2860 ⁸⁸
137 2821 166 2877 T.
182 2828 278 2892 Vinius]
295 2828 358 2876 Now
368 2829 460 2877 consul.
612 2826 706 2884 Iberire,
727 2843 786 2891 quas
807 2828 934 2878 Caucasias
952 2828 1055 2877 diximus
1078 2845 1119 2878 vo-

106 2901 118 2926 ⁰
134 2896 209 2943 Corn.
227 2895 303 2956 Luco]
320 2894 390 2942 After
406 2892 578 2956 Nymphidius,
612 2893 675 2941 tari:
694 2895 800 2956 situsque
818 2894 909 2957 depicti
927 2902 955 2941 et
970 2895 1028 2942 inde
1042 2894 1118 2952 missi,

56 2959 115 3018 ,the
127 2959 219 3021 prefect
228 2959 256 3006 or*
264 2959 305 3006 the
315 2959 443 3021 praetorias
454 2956 537 3005 banda.
613 2959 658 3006 boc
684 2973 771 3006 nomen
795 2958 935 3021 inscriptum
955 2959 1065 3008 habent:
1093 2968 1119 3008 et

104 3032 121 3065 Ρ
138 3024 198 3084 neg.
212 3023 297 3088 Hisp]
316 3023 404 3070 Which
415 3039 446 3070 on
457 3023 492 3070 bis
502 3031 582 3070 return
614 3021 718 3070 Neronis
751 3019 869 3087 Principis
905 3025 1057 3072 comminatio
1088 3029 1119 3074 ad

73 3088 137 3136 hom
152 3087 227 3152 Spain
242 3089 412 3152 accompanied
429 3088 480 3136 him
496 3104 528 3134 on
544 3087 582 3134 bia
613 3085 713 3150 Caspias
740 3096 822 3152 portas
849 3087 947 3136 tendere
976 3088 1118 3142 dicebatur:

68 3156 186 3220 jonrney.
613 3168 666 3200 cum
683 3161 776 3215 peteret
786 3153 849 3210 illas,
860 3169 913 3216 quie
924 3167 968 3216 per
979 3154 1083 3203 [beriam
1092 3157 1120 3205 in

107 3216 330 3282 sQuumcclussc]
347 3217 392 3266 See
401 3217 434 3268 H.
443 3216 462 3279 i,
473 3218 562 3266 dmi.
613 3217 731 3265 Sarmatas
757 3217 867 3281 tendunt,
894 3218 931 3264 vix
952 3220 1002 3268 ullo
1022 3230 1119 3284 propter
1221 3272 1224 3281 ,

107 3283 321 3346 ‘Multi-rium]
340 3279 468 3330 ‘Numeri'
483 3297 522 3329 are
533 3280 582 3328 sol·
606 3281 736 3344 ,oppositos
756 3291 850 3330 montes
870 3282 936 3330 aditu
953 3287 984 3332 ad
1004 3284 1119 3349 Caspium

73 3348 140 3396 diere
152 3347 280 3410 belonging
296 3357 320 3395 tc
337 3347 378 3394 the
396 3348 484 3395 ranke:
504 3344 583 3392 ‘tiro-
614 3345 697 3395 mare.’
728 3347 855 3396 ‘Claustra
865 3347 1120 3412 Caspiarum'iacon·

74 3411 132 3461 nes'
146 3414 256 3460 areeucb
273 3420 300 3459 as
316 3428 355 3460 are
371 3420 414 3460 not
427 3420 469 3478 yet
484 3409 583 3459 ranked.
614 3412 741 3476 sequently
753 3413 905 3462 whatisnow
919 3414 1000 3478 Testis.
1027 3416 1117 3472 Secti.

73 3476 307 3537 Saetiiaeco.
530 3520 535 3531 ,
615 3477 699 3533 vata

106 3550 117 3576 ’
133 3543 294 3606 add-Casa]
312 3539 376 3588 Nero
386 3539 432 3588 had
443 3539 584 3589 threatened
647 3542 656 3572 ‘
671 3542 736 3591 dud,
745 3541 809 3605 pua]
826 3542 857 3590 So
869 3549 935 3606 great
945 3560 960 3592 a
970 3546 1079 3612 quantity
1094 3549 1121 3596 of

75 3616 101 3656 to
119 3622 150 3670 go
166 3617 191 3654 to
208 3609 248 3654 the
267 3606 345 3654 Portae
365 3605 477 3669 Caspiae:
492 3606 535 3653 but
552 3606 581 3652 be
614 3604 764 3654 soldierswas
776 3609 888 3674 amigbty
895 3610 1048 3660 mattrietsor
1058 3628 1071 3658 a
1081 3628 1119 3660 re·

74 3673 152 3736 really
170 3680 238 3720 went
256 3680 281 3733 to
296 3672 339 3727 the
355 3670 433 3718 Porta
456 3670 541 3718 Iberiae
557 3685 583 3717 or
614 3669 720 3718 bollion:
744 3672 780 3720 ior
796 3674 853 3737 they
869 3690 932 3722 were
948 3683 992 3722 not
1006 3676 1118 3724 attached

75 3736 211 3786 Caucasia.
232 3737 315 3784 Hence
326 3735 391 3783 Plin.
402 3736 435 3789 vl,
447 3739 487 3784 13.
508 3734 583 3782 ‘Con
615 3743 641 3782 to
652 3751 700 3800 any
710 3738 836 3799 particular
846 3738 987 3800 individual,
999 3741 1041 3787 but
1055 3756 1118 3790 vvere

74 3801 190 3864 rigandus
200 3810 238 3848 est
248 3817 312 3850 error
322 3801 348 3848 in
364 3802 408 3847 boc
424 3800 478 3848 loco
493 3799 582 3847 multo·
614 3803 688 3864 ready
709 3811 734 3850 to
755 3811 797 3864 put
815 3803 960 3851 themselves
973 3804 1057 3852 ,under
1079 3810 1119 3855 the

68 3884 141 3926 rum,
162 3881 243 3914 eorum
266 3867 337 3914 etiam
360 3864 446 3927 quiin
467 3863 581 3912 Armenia
615 3867 741 3914 command
763 3866 789 3914 ol
815 3884 886 3931 every
905 3867 962 3915 bold
982 3884 1038 3928 man
1063 3871 1119 3920 vrbo

49 3965 51 3968 ι
73 3948 113 3980 res
124 3931 233 3994 proxime
244 3947 299 3979 cum
316 3928 452 3980 Corbulone
471 3943 582 3990 gessere:
603 3932 695 3980 -vvould
706 3931 781 3980 invite
794 3933 867 3982 them.

73 4011 178 4062 namque
189 3997 216 4046 bi
226 3996 326 4062 Caspias
336 3993 487 4060 appellavere
503 4002 584 4059 portas
688 4059 691 4063 ⁴
717 4033 719 4037 .
