2512 4372
149 96 193 162 ne
457 109 883 164 c..··onnnnun:tr·nnrrr..=t
991 96 1213 184 [sui-&8⁰8

150 232 391 296 taurenblartis
405 232 559 316 sepultus·
566 234 738 307 est,‘.adrn·
744 233 887 299 turbidis
893 234 1213 314 amorinum-utam

150 330 210 401 gns
231 318 311 381 iram
330 318 437 381 Deum
460 319 607 402 portendi
627 320 1214 397 credideritaduarsuusaoiamuut

76 440 89 449 a
149 403 294 486 plerique
309 404 407 469 etiam
423 405 587 469 bominum
602 406 821 488 ignoscebant,
832 407 981 490 antiquas
994 407 1133 471 frumini
1148 408 1213 473 dial

150 490 274 554 cordiae
294 500 328 554 et
352 491 537 555 insociabile
552 512 686 574 regnum
702 493 909 556 aestimantes.
949 493 1214 579 Tradunt-plan

149 598 214 660 que
225 598 335 640 eorum
350 587 527 659 temporum
543 578 723 659 scriptores,
742 580 883 642 ‘crebris
899 588 973 641 ante
988 580 1134 643 exitium
1141 580 1213 647 ilie*

149 663 220 737 bns,
238 663 376 727 inlusum
398 664 486 727 isser
507 663 655 747 pueritiae
671 663 851 728 Britannici
872 663 1034 729 Neronem
1047 666 1077 730 :’
1098 666 1213 750 utljam

145 756 215 812 non·
236 759 439 832 praemature,
460 770 566 832 neque
588 770 674 812 saeva
697 770 782 814 mors
804 751 906 815 videri
927 760 1042 835 queat,
1059 752 1213 835 quamdo

148 834 233 900 iuter
255 858 344 899 sucro
367 858 496 911 mensae,
517 857 558 898 ne
580 844 725 919 ternpore
739 836 867 920 quidem
884 839 926 900 ad
942 837 1148 920 complexum
1160 846 1212 903 sd.-

147 923 211 985 rori
227 923 313 996 dato,
330 931 405 986 unte
419 922 529 986 oculos
549 921 668 985 inimici
690 932 860 1006 properata
874 925 928 996 sit,
944 924 976 987 in
993 924 1082 987 illum
1099 946 1212 1009 snpra·

148 1028 236 1072 mum
255 1008 462 1072 Claudiorum
486 1007 685 1091 sanguinem,
708 1018 819 1091 stupro
841 1010 931 1092 prins
960 1030 1059 1093 quem
1074 1012 1212 1075 renum

146 1094 316 1177 pollutum.
337 1107 349 1125 ··
362 1094 614 1158 Festinationem
636 1095 865 1178 exsequiarum
889 1095 998 1160 edicto
1017 1094 1211 1175 fleant-ileu

146 1180 261 1255 fendit,
274 1180 304 1242 id
319 1202 340 1242 a
352 1181 524 1264 majoribus
537 1179 721 1244 institutum
737 1181 892 1258 referens,
909 1187 919 1219 ‘
931 1182 1211 1255 subtrahere-and-

146 1266 186 1329 lis
202 1267 324 1331 'acerba
342 1266 486 1345 lunera?
504 1288 611 1350 neque
633 1266 881 1347 laudationibus,
904 1277 964 1331 aut
986 1288 1107 1352 pompa
1127 1268 1211 1334 ‹leri›

147 1372 234 1415 nere.
268 1349 423 1415 Ceterum
440 1360 474 1416 et
488 1352 559 1427 sibi,
576 1352 692 1416 amisso
707 1354 818 1417 l'ratris
833 1356 966 1428 auxilio,
981 1354 1212 1439 reliquas-spei

146 1438 181 1502 iri
197 1438 359 1522 republica
374 1439 465 1502 sitas:
488 1447 521 1501 et
538 1447 628 1501 tanto
637 1439 741 1521 magis
755 1439 930 1504 fovendum
947 1441 1094 1523 patribus
1110 1464 1210 1527 pupu-

147 1524 245 1607 lnquc
267 1524 463 1608 Principem,
480 1525 536 1608 qui
555 1544 640 1587 unus
660 1534 842 1608 superesset
860 1548 879 1589 e
899 1526 1032 1601 familia,
1048 1548 1210 1597 summurn

147 1611 188 1674 ad
204 1610 369 1697 fastigium
386 1610 515 1696 genita)
550 1609 638 1674 Exin
654 1611 823 1696 largitione
838 1611 1019 1697 potissimos
1033 1614 1210 1679 amicorum

146 1696 249 1761 auxit.
1148 1724 1153 1731 ·
1199 1740 1202 1745 -

189 1782 244 1847 18.
279 1781 352 1846 Nec
377 1782 522 1856 defuere,
546 1782 603 1865 qui
626 1790 801 1864 arguerent
823 1783 910 1847 viros
933 1782 1128 1867 gravitatem
1147 1786 1209 1853 nd·

146 1876 356 1942 sacrantes:
376 1877 385 1905 ‘
402 1869 487 1952 quod
510 1868 630 1942 domos,
649 1869 768 1947 villas,'
781 1870 814 1933 id
834 1872 998 1951 temporis,
1015 1871 1114 1955 quasi.
1129 1892 1210 1955 prar-

145 1957 218 2020 dum
240 1954 444 2019 divisissent!
496 1952 565 2017 Alii
585 1956 808 2019 necessitatem
830 1956 1006 2019 adhibitum
1032 1960 1209 2023 credebant

146 2062 167 2107 a
182 2041 345 2125 Principe,
362 2040 490 2105 sceleris
505 2039 565 2103 sibi
580 2042 719 2119 conscio,
735 2051 770 2105 et
784 2041 912 2106 veniam
927 2054 1088 2125 sperante,
1104 2044 1209 2111 silut*

144 2129 322 2211 gitionibus'
337 2126 565 2192 validissimum
582 2148 743 2211 quemque
758 2127 991 2192 obstrinxisset.
1032 2126 1082 2193 At
1095 2130 1207 2195 matris

145 2216 193 2281 ira
209 2216 296 2280 nulla
310 2214 529 2279 munificentia
544 2212 654 2288 leniri3
678 2215 735 2277 sed
749 2212 1114 2296 amplecti-Octauiam
1134 2234 1204 2281 cre·

146 2303 204 2366 bra
218 2324 291 2366 oum
307 2302 417 2366 amicis
430 2310 554 2365 secreta
568 2300 700 2373 babere;
719 2322 819 2383 super
831 2300 1007 2383 ingenitum
1023 2303 1205 2378 arantium,

133 2389 292 2472 ‚nudique
312 2388 473 2472 pecunias,
490 2387 580 2471 quasi
600 2385 633 2449 in
653 2386 842 2464 subsidium,
859 2387 1045 2469 corripiens,
1062 2389 1206 2453 tribunae

146 2482 181 2537 et
203 2475 404 2538 centuriones
425 2475 558 2537 comiter
580 2472 753 2555 excipere:
783 2473 911 2535 nomina
932 2482 967 2535 et
989 2471 1129 2539 virtutes
1151 2496 1204 2539 nn

147 2560 272 2638 bilium,
286 2560 343 2643 qui
358 2560 456 2623 etiam
472 2568 539 2622 tum
555 2566 753 2640 supererant,
770 2557 801 2620 in
820 2558 937 2622 bonore
953 2558 1090 2633 haberer
1113 2560 1205 2646 qussi

148 2660 311 2729 quaereret
324 2646 439 2708 ducem
458 2653 493 2706 et
515 2653 632 2726 partes.
679 2643 855 2727 Cognitum
871 2645 903 2708 id
919 2644 1056 2723 Neroni,
1081 2655 1204 2711 ‘excu-

148 2732 282 2814 biasque
297 2728 473 2802 militares,’
487 2751 572 2813 quoe,
590 2738 626 2793 ut
641 2730 771 2814 conjugi
787 2729 996 2814 imperatoris
1013 2732 1156 2807 solitum,
1170 2741 1205 2797 et

148 2818 245 2881 ruatri
260 2816 482 2894 servabuntur,
507 2823 567 2878 ‘ct
582 2813 799 2881 Germanos'¹
820 2838 918 2901 super
937 2819 1087 2883 eumdem
1110 2820 1204 2897 bnon·

181 3035 189 3067 t
205 3034 318 3097 Sepultus
327 3031 376 3096 ert]
393 3031 455 3079 Like
466 3031 507 3077 the
517 3029 622 3077 remeius
633 3028 660 3077 ol
690 3037 733 3077 not
741 3044 807 3077 seem
816 3029 936 3096 untimely
945 3047 971 3078 or
979 3047 1079 3089 rerem
1089 3034 1109 3082 it
1117 3035 1204 3084 should

149 3099 316 3159 Germanicos,
334 3097 367 3145 Λ.
382 3097 418 3153 iii,
436 3100 461 3151 t,
479 3097 547 3141 ibose
562 3095 588 3141 ol
605 3094 659 3142 Bri·
690 3095 772 3142 rntber
783 3096 813 3142 be
824 3096 966 3144 considered
984 3112 998 3145 a
1015 3108 1103 3147 matter
1112 3102 1141 3151 ut
1150 3101 1205 3165 jor.

150 3163 262 3211 launico·
274 3178 338 3209 reem
350 3172 375 3209 to
385 3162 447 3209 bare
461 3159 521 3207 bern
538 3160 622 3220 placed
633 3160 660 3206 in
691 3174 720 3207 ss
730 3159 750 3205 it
760 3162 891 3221 prereured
901 3162 992 3209 further
1001 3162 1098 3211 iusultr.

150 3230 191 3275 tte
208 3227 275 3274 tomb
290 3228 316 3274 ol
331 3227 465 3287 Augustus,
475 3224 554 3272 which
572 3240 617 3272 aas
633 3224 658 3271 in
724 3230 736 3255 ⁸
752 3224 954 3286 Acerdosurrem]
971 3225 988 3273 i.
999 3242 1023 3274 e.
1034 3228 1138 3277 nntuml
1157 3256 1180 3277 .-

150 3293 193 3341 tbe
212 3290 318 3355 Campus
336 3290 450 3351 Martius,
467 3291 546 3337 ubere
567 3288 587 3335 is
606 3305 659 3335 now
723 3294 737 3321 ⁸
755 3290 908 3338 Grunr'tuteur
922 3292 1104 3357 adseret-ulra]
1164 3292 1204 3343 ni·

150 3352 543 3421 tbepulrceandtheparrlensot
554 3354 661 3416 blanquls
692 3352 785 3417 cularly
808 3353 898 3401 Burrus
921 3356 969 3402 arrd
995 3356 1097 3415 Smeca,
1118 3356 1204 3407 Nerola

152 3422 249 3471 Curres.
287 3421 343 3467 Tbs
364 3419 430 3467 ruins
451 3417 499 3465 still
520 3418 595 3474 exist,
617 3432 660 3465 ex·
693 3425 860 3481 tnmrsfflrsre
869 3418 1203 3485 mensuremus-snb

149 3487 244 3536 hibitetl
262 3484 288 3534 iu
308 3484 376 3533 three
396 3484 476 3547 platea
493 3482 524 3545 by
545 3482 662 3541 Pinnesl,
694 3494 718 3529 rc
730 3497 791 3544 rope
803 3483 976 3533 withlortnna·
1174 3508 1177 3513 ·

152 3550 280 3603 saturnu
292 3551 407 3607 haeae,
419 3548 466 3595 vol.
476 3547 502 3603 il,
519 3545 579 3593 st.
596 3549 662 3595 lxi-
726 3554 739 3589 t
758 3548 949 3611 Domavium]
967 3548 1004 3597 Ol
1012 3548 1174 3601 llrimnnlrnr.

147 3618 213 3669 lxiii.
721 3618 734 3645 ⁸
752 3613 785 3659 Et
797 3612 941 3675 Germanus]
956 3612 1079 3679 Forurerly
1090 3616 1134 3665 the
1152 3616 1204 3665 lin·

182 3692 198 3717 ⁸
214 3682 321 3731 Μυκη
331 3677 392 3741 lure]
409 3676 474 3724 ‘l'bat
484 3674 659 3724 nemausen
693 3676 782 3738 perors'
799 3676 898 3739 guarda:
918 3676 949 3725 Δ.
965 3678 984 3733 i,
1001 3682 1043 3727 21.
1075 3680 1205 3743 Spurium

150 3748 251 3796 binsell
262 3746 288 3793 in
304 3760 320 3792 a
335 3740 476 3803 disgmcelul
494 3754 592 3787 urrnuer
601 3738 660 3785 witlr
691 3754 792 3789 waere
802 3740 932 3807 employed
944 3743 1119 3807 ostem„
1135 3746 1203 3795 sm

150 3812 311 3861 Britannicus.
345 3802 659 3865 Alternuclrdebuingln·
691 3802 797 3855 Julnn
1144 3830 1147 3835 .
1178 3824 1183 3833 .

149 3878 220 3941 nulls,
231 3878 272 3925 thr
282 3874 355 3923 dorth
366 3872 395 3920 ol
406 3870 560 3921 Britannicus
572 3868 659 3917 slronld
