2512 4372
97 164 241 246 r.c.5l.]
416 176 625 228 ausanius
651 177 725 227 nra.
751 176 825 230 xu.
1103 169 1145 236 81
1227 145 1233 152 ’

97 302 173 383 pam
189 301 374 387 polluerat!
387 299 486 384 inque
502 319 627 362 omnem
643 297 805 363 libidinem
818 300 939 368 venalis
954 303 1147 382 bubebstnr;

98 387 268 472 Casperius
280 387 408 451 interim
424 387 462 450 ad
482 385 716 449 Pharasmanen
739 388 898 470 pervadit,
923 400 1047 476 ‘utque
1060 395 1148 459 lberi

96 477 213 540 obsidio
236 474 417 549 decedant,’
439 472 636 555 expostulat.
681 471 743 536 llle
769 475 930 557 propalam
955 478 1087 560 incerta,
1111 491 1147 545 et

97 562 210 646 saepins
224 561 370 624 molliora
385 559 591 643 respondens,
608 560 739 622 secretis
757 562 878 625 nuntiis
893 574 1000 628 monet
1016 564 1146 633 Rhada-

98 650 234 723 mistum,
252 646 543 732 ‘oppugnationem
554 666 684 729 quoquo
695 645 788 709 modo
804 648 963 712 celerare!
986 650 1149 738 Augetur

99 737 208 820 flagitii
230 754 364 809 merces,
386 742 420 796 et
435 732 541 797 Pollio
562 731 688 795 occulta
708 735 912 816 corruptione
934 736 1068 820 impellit
1089 743 1149 805 rni-

99 822 178 902 lites,
188 832 226 885 ut
239 831 247 856 ‘
258 820 385 906 pacem’
397 819 591 903 flagitarent,
604 827 612 852 ‘
623 840 722 902 seque
734 820 881 899 praesidio
892 823 1045 888 abituros'
1055 828 1147 892 mini·

99 917 249 973 tarcntnr.
296 907 373 986 Qua
398 910 600 982 necessitate,
629 905 836 970 Mithridates
865 908 950 973 diem
979 909 1149 998 locumque

100 995 213 1060 foederi
227 994 365 1078 accepit,
381 992 577 1076 castelloque
592 992 767 1074 egreditur.

136 1083 192 1146 47.
215 1081 269 1144 Ac
295 1081 396 1164 primo
422 1077 651 1142 Rhadamistus
676 1077 709 1141 iu
732 1079 899 1163 amplexus
922 1081 994 1167 ejus
1017 1085 1147 1164 effusus,

101 1167 247 1231 simulare
262 1167 460 1252 obsequium,
485 1164 672 1229 ‘socerum’
692 1186 729 1229 ac
753 1170 955 1249 ‘parentem’
977 1171 1149 1256 appellare.

101 1253 224 1338 Adjicit
240 1253 479 1338 jusjurandum,
504 1261 590 1314 ‘non
614 1250 710 1325 ferro,
731 1273 794 1315 non
812 1274 934 1318 veneno
950 1256 1013 1319 vim
1036 1258 1150 1325 allatu-

102 1343 196 1404 rum?
218 1342 311 1404 simul
334 1341 367 1403 in
389 1338 497 1403 lucum
518 1337 733 1422 propinquum
749 1339 857 1414 trabit,
882 1344 1069 1426 ‘provisum
1085 1346 1149 1413 illio

102 1427 288 1491 sacrificium
314 1425 521 1510 imperatum’
548 1425 710 1494 dictitans,
738 1432 801 1489 ‘ut
828 1427 901 1491 Diis
927 1430 1062 1496 testibus
1086 1455 1150 1518 pax

103 1513 299 1578 firmaretur!
329 1512 403 1576 Mos
414 1523 464 1576 est
473 1511 613 1596 regibus,
626 1512 773 1595 quotiens
788 1513 1014 1580 insacietatem
1026 1533 1150 1594 coeant,

103 1601 263 1685 implicare
289 1600 431 1675 dextras,
458 1598 654 1682 pollicesque
680 1598 764 1661 inter
790 1621 824 1663 se
847 1602 977 1676 vincire,
1004 1606 1150 1690 nodoque

104 1688 342 1770 praestringere:
365 1707 453 1761 mox,
470 1685 525 1748 ubi
538 1685 668 1767 sanguis
685 1685 718 1748 iu
739 1694 828 1750 artus
846 1698 1007 1753 extremos
1021 1712 1056 1754 se
1071 1695 1150 1757 ellu-

105 1774 193 1848 dcrit,
218 1773 282 1838 levi
304 1773 372 1837 ictu
394 1792 537 1836 cruorem
560 1771 704 1847 eliciunt,
720 1781 819 1855 atque
834 1773 969 1838 invicem
991 1776 1151 1844 lambunt:

106 1859 135 1922 il
149 1860 258 1924 foedus
274 1868 443 1923 arcanum?
457 1859 601 1929 babetur,
616 1858 709 1941 quasi
723 1869 835 1922 mutuo
850 1881 964 1926 cruore
979 1873 1150 1930 sacratum.

107 1945 166 2010 Sed
189 1958 279 2021 tunc,
303 1946 421 2030 quiea
443 1944 569 2008 vincula
590 1945 790 2022 admovebat,
811 1946 966 2012 decidisse
989 1951 1151 2028 simulans,

107 2053 206 2116 genua
221 2031 423 2097 Mithridatis
443 2031 576 2106 invadit,
592 2032 762 2115 ipsumque
782 2036 970 2115 prosternit:
994 2037 1153 2122 simulque

106 2141 256 2186 concursu
282 2119 422 2203 plurium
448 2118 635 2202 injiciuntur
660 2128 793 2197 catenae,
814 2141 851 2183 ac
877 2123 1041 2206 compede,
1066 2126 1152 2208 quod

107 2206 293 2271 dedecorum
326 2205 476 2278 barbaris,
506 2203 707 2270 trahebatur:
753 2227 891 2289 moxque
919 2209 1046 2292 vulgus,
1073 2211 1153 2274 duro

106 2293 231 2377 imperio
255 2292 411 2365 habitum,
431 2292 545 2374 probra
561 2313 599 2354 ac
617 2291 749 2355 verbera
768 2292 957 2357 intentabat.
1003 2294 1047 2358 Et
1064 2307 1154 2361 erant

107 2388 220 2454 contra,
238 2383 296 2464 qui
318 2388 439 2442 tantam
455 2378 592 2441 fcrtunae
609 2378 887 2441 commutationem
903 2380 1154 2462 miserarentur3

107 2479 374 2552 secutaquercum
398 2465 505 2547 paruis
527 2465 632 2529 liberis
655 2464 774 2547 conjux
796 2475 913 2528 cuncta
928 2466 1155 2534 lamentatione

107 2554 291 2638 complebat.
341 2551 487 2614 Diversis
501 2560 535 2613 et
552 2551 706 2614 contectis
722 2550 875 2614 vehiculis
890 2552 1061 2628 abduntur,
1078 2556 1154 2621 dum

107 2638 330 2704 Pharasmanis
342 2638 432 2721 jussa
445 2637 703 2720 exquirerentur.
748 2637 800 2701 Illi
815 2638 931 2721 cupido
947 2641 1038 2722 regni
1054 2642 1155 2707 fratre

106 2737 136 2789 et
149 2727 213 2790 filia
228 2727 358 2810 potior!
377 2725 565 2808 animusque
586 2723 757 2788 sceleribus
777 2735 925 2807 paratus:
951 2726 1030 2792 visui
1048 2738 1155 2794 tamen

106 2813 271 2887 consuluit,
304 2833 345 2874 ne
374 2833 479 2874 curam
511 2810 776 2874 interficerentur.
838 2810 882 2876 Et
913 2812 1154 2892 Rhadamistus,

106 2900 193 2982 quasi
215 2898 429 2983 jurisjurandi
455 2918 585 2971 memor,
610 2919 672 2961 non
696 2898 827 2970 ferrum,
853 2921 914 2963 non
938 2922 1093 2965 venenum
1121 2903 1154 2966 in

106 3008 242 3049 sororem
258 2995 292 3049 et
308 2994 455 3067 patruum
470 2983 647 3067 expromit;
670 2984 725 3047 sed
741 2985 900 3068 projectos
915 2985 947 3049 in
964 2988 1105 3062 humum,
1121 2999 1155 3053 et

107 3083 194 3136 veste
208 3072 311 3136 multa
326 3071 481 3154 gravique
497 3079 623 3154 opertos
641 3079 744 3133 necat.
791 3071 867 3135 Filii
882 3095 1010 3157 quoque
1027 3074 1154 3138 Mithri·

105 3161 199 3232 datis,
219 3160 306 3243 quod
331 3159 471 3223 caedibus
495 3166 661 3240 pareutum
683 3157 979 3242 inlacrymaveraut,
1005 3162 1156 3226 trucidati

105 3260 187 3308 sunt.

146 3331 200 3395 48.
229 3331 274 3394 At
291 3328 488 3408 Quadratus,
502 3350 695 3413 cognoscens
711 3328 869 3411 proditum
888 3330 1110 3423 Mithridaten,
1122 3343 1156 3397 et

105 3441 240 3502 regnum
265 3418 305 3480 ab
328 3417 584 3481 interfectoribus
600 3416 745 3490 obtineri,
762 3428 855 3480 vocat
870 3419 1046 3495 consilium,
1063 3420 1159 3484 docet

134 3596 149 3628 r
167 3585 302 3648 Polluerat]
328 3583 382 3630 And
392 3599 424 3632 on
440 3584 490 3631 this
505 3591 615 3645 account,
648 3581 1156 3647 Taxariasraolii,pausandiutterou.

105 3648 614 3762 ’ΨΜ““““”“ἒῖ“ἶῖἲὲἒειι
647 3646 1156 3764 tttlall‘lllaltlttjtttt

105 3728 152 3830 aad
169 3715 431 3844 llhgilurlwhlllnllsry
453 3729 549 3828 aciliieut
570 3778 616 3825 aud
649 3778 737 3827 Jarem.
747 3747 829 3837 xxxiv,
841 3783 880 3828 18.
1066 3746 1073 3761 ⁸
1114 3749 1121 3769 ⁹
1151 3748 1157 3762 ⁸

106 3849 159 3895 well
183 3848 272 3894 known
294 3854 319 3892 to
341 3847 380 3891 the
400 3851 494 3892 eastern
513 3842 617 3892 natione.
681 3840 1157 3908 rFratre-postor],Lustotpowuwu

105 3913 151 3960 See
163 3911 211 3959 this
219 3927 307 3972 among
316 3908 484 3957 tlicArabians
492 3909 517 3956 in
529 3907 617 3955 Herod.
649 3922 716 3958 more
726 3906 840 3970 powerlul
852 3907 909 3954 than
922 3908 964 3954 the
975 3909 1033 3954 calls
1043 3905 1071 3952 ol
1079 3920 1094 3951 a
1103 3904 1157 3954 bro·

105 3977 141 4035 iii,
153 3982 179 4027 8.
188 3992 277 4041 among
287 3974 330 4023 the
341 3974 469 4040 Scythicus
480 3975 505 4022 in
518 3973 616 4037 Luciam
649 3973 712 4035 ther,
718 3971 917 4034 andeduughter,
927 3972 965 4018 bis
971 3967 1088 4019 brother's
1096 3970 1159 4020 wito.
