<?xml version="1.0" encoding="UTF-8"?>
<!DOCTYPE html PUBLIC "-//W3C//DTD XHTML 1.0 Transitional//EN"
    "http://www.w3.org/TR/xhtml1/DTD/xhtml1-transitional.dtd">
<html xmlns="http://www.w3.org/1999/xhtml" xml:lang="en" lang="en">
 <head>
  <title>
</title>
<meta http-equiv="Content-Type" content="text/html;charset=utf-8" />
  <meta name='ocr-system' content='tesseract 3.04.00' />
  <meta name='ocr-capabilities' content='ocr_page ocr_carea ocr_par ocr_line ocrx_word'/>
</head>
<body>
  <div class='ocr_page' id='page_1' title='image "./ccorneliitaciti05tacigoog_0288.png"; bbox 0 0 2512 4372; ppageno 0'>
   <div class='ocr_carea' id='block_1_1' title="bbox 45 197 1112 299">
    <p class='ocr_par' dir='ltr' id='par_1_1' title="bbox 45 197 1112 299">
     <span class='ocr_line' id='line_1_1' title="bbox 45 197 1112 299; baseline 0.008 -35"><span class='ocrx_word' id='word_1_1' title='bbox 45 215 126 299; x_wconf 61' lang='lat' dir='ltr'><strong>Mi·</strong></span> <span class='ocrx_word' id='word_1_2' title='bbox 141 199 213 283; x_wconf 88' lang='grc'><strong>69.]</strong></span> <span class='ocrx_word' id='word_1_3' title='bbox 371 217 639 270; x_wconf 77' lang='lat' dir='ltr'><strong>nrsroarsauss</strong></span> <span class='ocrx_word' id='word_1_4' title='bbox 663 221 739 269; x_wconf 77' lang='lat' dir='ltr'><strong>nin.</strong></span> <span class='ocrx_word' id='word_1_5' title='bbox 765 220 807 268; x_wconf 80' lang='grc' dir='ltr'><strong>ιι.</strong></span> <span class='ocrx_word' id='word_1_6' title='bbox 1046 197 1112 273; x_wconf 68' lang='grc'><strong>291</strong></span> 
     </span>
    </p>
   </div>
   <div class='ocr_carea' id='block_1_2' title="bbox 53 336 1113 770">
    <p class='ocr_par' dir='ltr' id='par_1_2' title="bbox 53 336 1113 770">
     <span class='ocr_line' id='line_1_2' title="bbox 53 336 1112 464; baseline -0.004 -61"><span class='ocrx_word' id='word_1_7' title='bbox 53 357 180 464; x_wconf 65' lang='lat' dir='ltr'><strong>gnavus</strong></span> <span class='ocrx_word' id='word_1_8' title='bbox 218 337 365 405; x_wconf 89' lang='lat' dir='ltr'><strong>civilibus</strong></span> <span class='ocrx_word' id='word_1_9' title='bbox 402 339 493 404; x_wconf 83' lang='lat' dir='ltr'><strong>bellis</strong></span> <span class='ocrx_word' id='word_1_10' title='bbox 517 339 589 424; x_wconf 87' lang='lat' dir='ltr'><strong>plns</strong></span> <span class='ocrx_word' id='word_1_11' title='bbox 612 340 766 404; x_wconf 85' lang='lat' dir='ltr'><strong>militibus</strong></span> <span class='ocrx_word' id='word_1_12' title='bbox 786 358 883 423; x_wconf 85' lang='lat' dir='ltr'><strong>quam</strong></span> <span class='ocrx_word' id='word_1_13' title='bbox 906 336 1042 403; x_wconf 87' lang='lat' dir='ltr'><strong>ducibus</strong></span> <span class='ocrx_word' id='word_1_14' title='bbox 1072 336 1112 400; x_wconf 92' lang='lat' dir='ltr'><strong>li·</strong></span> 
     </span>
     <span class='ocr_line' id='line_1_3' title="bbox 53 445 1113 597; baseline -0.006 -16"><span class='ocrx_word' id='word_1_15' title='bbox 53 445 159 581; x_wconf 49' lang='lat' dir='ltr'><strong>miili.</strong></span> <span class='ocrx_word' id='word_1_16' title='bbox 181 511 405 577; x_wconf 81' lang='lat' dir='ltr'><strong>Munientibus</strong></span> <span class='ocrx_word' id='word_1_17' title='bbox 420 523 526 579; x_wconf 88' lang='lat' dir='ltr'><strong>castra</strong></span> <span class='ocrx_word' id='word_1_18' title='bbox 540 512 626 597; x_wconf 87' lang='lat' dir='ltr'><strong>apud</strong></span> <span class='ocrx_word' id='word_1_19' title='bbox 640 512 801 587; x_wconf 79' lang='lat' dir='ltr'><strong>Ticinum,</strong></span> <span class='ocrx_word' id='word_1_20' title='bbox 821 512 863 575; x_wconf 87' lang='lat' dir='ltr'><strong>de</strong></span> <span class='ocrx_word' id='word_1_21' title='bbox 883 511 1017 576; x_wconf 87' lang='lat' dir='ltr'><strong>adversa</strong></span> <span class='ocrx_word' id='word_1_22' title='bbox 1037 482 1113 575; x_wconf 69' lang='lat' dir='ltr'><strong>ca·</strong></span> 
     </span>
     <span class='ocr_line' id='line_1_4' title="bbox 56 595 1111 684; baseline 0.002 -24"><span class='ocrx_word' id='word_1_23' title='bbox 56 595 141 660; x_wconf 84' lang='lat' dir='ltr'><strong>cinae</strong></span> <span class='ocrx_word' id='word_1_24' title='bbox 166 619 274 682; x_wconf 83' lang='lat' dir='ltr'><strong>pugna</strong></span> <span class='ocrx_word' id='word_1_25' title='bbox 294 599 438 671; x_wconf 89' lang='lat' dir='ltr'><strong>allatum,</strong></span> <span class='ocrx_word' id='word_1_26' title='bbox 454 611 487 665; x_wconf 88' lang='lat' dir='ltr'><strong>et</strong></span> <span class='ocrx_word' id='word_1_27' title='bbox 501 621 600 684; x_wconf 88' lang='lat' dir='ltr'><strong>prope</strong></span> <span class='ocrx_word' id='word_1_28' title='bbox 615 609 767 664; x_wconf 86' lang='lat' dir='ltr'><strong>renovata</strong></span> <span class='ocrx_word' id='word_1_29' title='bbox 781 599 908 678; x_wconf 90' lang='lat' dir='ltr'><strong>seditio,</strong></span> <span class='ocrx_word' id='word_1_30' title='bbox 927 607 1111 681; x_wconf 84' lang='lat' dir='ltr'><strong>‘tamquam</strong></span> 
     </span>
     <span class='ocr_line' id='line_1_5' title="bbox 53 683 1112 770; baseline 0.002 -24"><span class='ocrx_word' id='word_1_31' title='bbox 53 683 175 753; x_wconf 79' lang='lat' dir='ltr'><strong>fraude</strong></span> <span class='ocrx_word' id='word_1_32' title='bbox 188 693 224 756; x_wconf 82' lang='lat' dir='ltr'><strong>et</strong></span> <span class='ocrx_word' id='word_1_33' title='bbox 234 686 488 751; x_wconf 84' lang='lat' dir='ltr'><strong>cunctationibus</strong></span> <span class='ocrx_word' id='word_1_34' title='bbox 500 686 650 751; x_wconf 89' lang='lat' dir='ltr'><strong>Valentis</strong></span> <span class='ocrx_word' id='word_1_35' title='bbox 663 687 773 770; x_wconf 82' lang='lat' dir='ltr'><strong>praelio</strong></span> <span class='ocrx_word' id='word_1_36' title='bbox 784 685 982 750; x_wconf 69' lang='lat' dir='ltr'><strong>defuissent!</strong></span> <span class='ocrx_word' id='word_1_37' title='bbox 1013 683 1112 748; x_wconf 90' lang='lat' dir='ltr'><strong>Nolle</strong></span> 
     </span>
    </p>
   </div>
   <div class='ocr_carea' id='block_1_3' title="bbox 55 771 1209 856">
    <p class='ocr_par' dir='ltr' id='par_1_3' title="bbox 55 771 1209 856">
     <span class='ocr_line' id='line_1_6' title="bbox 55 771 1209 856; baseline 0 -23"><span class='ocrx_word' id='word_1_38' title='bbox 55 771 215 853; x_wconf 70' lang='lat' dir='ltr'><strong>requiem,</strong></span> <span class='ocrx_word' id='word_1_39' title='bbox 232 793 294 839; x_wconf 88' lang='lat' dir='ltr'><strong>nco</strong></span> <span class='ocrx_word' id='word_1_40' title='bbox 308 782 483 856; x_wconf 85' lang='lat' dir='ltr'><strong>expectare</strong></span> <span class='ocrx_word' id='word_1_41' title='bbox 499 775 624 849; x_wconf 90' lang='lat' dir='ltr'><strong>ducem,</strong></span> <span class='ocrx_word' id='word_1_42' title='bbox 647 774 770 837; x_wconf 86' lang='lat' dir='ltr'><strong>anteire</strong></span> <span class='ocrx_word' id='word_1_43' title='bbox 789 773 891 856; x_wconf 84' lang='lat' dir='ltr'><strong>signa,</strong></span> <span class='ocrx_word' id='word_1_44' title='bbox 914 792 1031 854; x_wconf 83' lang='lat' dir='ltr'><strong>urgere</strong></span> <span class='ocrx_word' id='word_1_45' title='bbox 1048 771 1113 854; x_wconf 77' lang='lat' dir='ltr'><strong>sig-</strong></span> <span class='ocrx_word' id='word_1_46' title='bbox 1205 815 1209 823; x_wconf 67' lang='grc'>.</span> 
     </span>
    </p>
   </div>
   <div class='ocr_carea' id='block_1_4' title="bbox 54 856 1179 3196">
    <p class='ocr_par' dir='ltr' id='par_1_4' title="bbox 54 856 1112 944">
     <span class='ocr_line' id='line_1_7' title="bbox 54 856 1112 944; baseline -0.002 -21"><span class='ocrx_word' id='word_1_47' title='bbox 54 856 200 923; x_wconf 79' lang='lat' dir='ltr'><strong>miseros:</strong></span> <span class='ocrx_word' id='word_1_48' title='bbox 223 858 336 941; x_wconf 87' lang='lat' dir='ltr'><strong>rapido</strong></span> <span class='ocrx_word' id='word_1_49' title='bbox 362 860 488 944; x_wconf 77' lang='lat' dir='ltr'><strong>agmine</strong></span> <span class='ocrx_word' id='word_1_50' title='bbox 513 859 653 925; x_wconf 83' lang='lat' dir='ltr'><strong>Caecinae</strong></span> <span class='ocrx_word' id='word_1_51' title='bbox 676 861 872 944; x_wconf 84' lang='lat' dir='ltr'><strong>junguntur.</strong></span> <span class='ocrx_word' id='word_1_52' title='bbox 908 857 1112 940; x_wconf 88' lang='lat' dir='ltr'><strong>Improspera</strong></span> 
     </span>
    </p>

    <p class='ocr_par' dir='ltr' id='par_1_5' title="bbox 55 941 1137 1117">
     <span class='ocr_line' id='line_1_8' title="bbox 55 941 1137 1030; baseline -0.002 -21"><span class='ocrx_word' id='word_1_53' title='bbox 55 941 212 1013; x_wconf 83' lang='lat' dir='ltr'><strong>Valentis</strong></span> <span class='ocrx_word' id='word_1_54' title='bbox 233 945 320 1013; x_wconf 85' lang='lat' dir='ltr'><strong>fama</strong></span> <span class='ocrx_word' id='word_1_55' title='bbox 342 947 427 1030; x_wconf 88' lang='lat' dir='ltr'><strong>apud</strong></span> <span class='ocrx_word' id='word_1_56' title='bbox 454 948 633 1012; x_wconf 86' lang='lat' dir='ltr'><strong>exercitum</strong></span> <span class='ocrx_word' id='word_1_57' title='bbox 654 946 793 1011; x_wconf 86' lang='lat' dir='ltr'><strong>Caecinae</strong></span> <span class='ocrx_word' id='word_1_58' title='bbox 815 954 903 1012; x_wconf 87' lang='lat' dir='ltr'><strong>erat:</strong></span> <span class='ocrx_word' id='word_1_59' title='bbox 928 943 1112 1027; x_wconf 83' lang='lat' dir='ltr'><strong>‘expositos</strong></span> <span class='ocrx_word' id='word_1_60' title='bbox 1135 1021 1137 1024; x_wconf 12' lang='lat' dir='ltr'>v</span> 
     </span>
     <span class='ocr_line' id='line_1_9' title="bbox 58 1031 1110 1117; baseline -0.006 -18"><span class='ocrx_word' id='word_1_61' title='bbox 58 1037 202 1103; x_wconf 38' lang='lat' dir='ltr'><strong>settauto</strong></span> <span class='ocrx_word' id='word_1_62' title='bbox 217 1033 382 1115; x_wconf 87' lang='lat' dir='ltr'><strong>pauciores</strong></span> <span class='ocrx_word' id='word_1_63' title='bbox 405 1032 539 1117; x_wconf 83' lang='lat' dir='ltr'><strong>integris</strong></span> <span class='ocrx_word' id='word_1_64' title='bbox 561 1034 699 1098; x_wconf 91' lang='lat' dir='ltr'><strong>hostium</strong></span> <span class='ocrx_word' id='word_1_65' title='bbox 721 1032 861 1110; x_wconf 87' lang='lat' dir='ltr'><strong>viribus,&#39;</strong></span> <span class='ocrx_word' id='word_1_66' title='bbox 883 1031 1110 1116; x_wconf 72' lang='lat' dir='ltr'><strong>querebantur,</strong></span> 
     </span>
    </p>

    <p class='ocr_par' dir='ltr' id='par_1_6' title="bbox 57 1114 1114 1200">
     <span class='ocr_line' id='line_1_10' title="bbox 57 1114 1114 1200; baseline -0.002 -19"><span class='ocrx_word' id='word_1_67' title='bbox 57 1114 156 1194; x_wconf 81' lang='lat' dir='ltr'><strong>simul</strong></span> <span class='ocrx_word' id='word_1_68' title='bbox 177 1117 209 1183; x_wconf 87' lang='lat' dir='ltr'><strong>iu</strong></span> <span class='ocrx_word' id='word_1_69' title='bbox 233 1140 324 1183; x_wconf 89' lang='lat' dir='ltr'><strong>snam</strong></span> <span class='ocrx_word' id='word_1_70' title='bbox 348 1121 601 1194; x_wconf 82' lang='lat' dir='ltr'><strong>excusationem,</strong></span> <span class='ocrx_word' id='word_1_71' title='bbox 624 1130 669 1200; x_wconf 63' lang='lat' dir='ltr'><strong>et⁴</strong></span> <span class='ocrx_word' id='word_1_72' title='bbox 677 1119 917 1185; x_wconf 89' lang='lat' dir='ltr'><strong>adventantium</strong></span> <span class='ocrx_word' id='word_1_73' title='bbox 935 1118 1033 1182; x_wconf 89' lang='lat' dir='ltr'><strong>robur</strong></span> <span class='ocrx_word' id='word_1_74' title='bbox 1054 1138 1114 1200; x_wconf 85' lang='lat' dir='ltr'><strong>per</strong></span> 
     </span>
    </p>

    <p class='ocr_par' dir='ltr' id='par_1_7' title="bbox 58 1203 1115 1292">
     <span class='ocr_line' id='line_1_11' title="bbox 58 1203 1115 1292; baseline -0.008 -19"><span class='ocrx_word' id='word_1_75' title='bbox 58 1203 278 1284; x_wconf 65' lang='lat' dir='ltr'><strong>adulationem</strong></span> <span class='ocrx_word' id='word_1_76' title='bbox 293 1206 493 1283; x_wconf 88' lang='lat' dir='ltr'><strong>attollentes,</strong></span> <span class='ocrx_word' id='word_1_77' title='bbox 509 1230 550 1272; x_wconf 87' lang='lat' dir='ltr'><strong>ne</strong></span> <span class='ocrx_word' id='word_1_78' title='bbox 565 1217 602 1272; x_wconf 89' lang='lat' dir='ltr'><strong>ut</strong></span> <span class='ocrx_word' id='word_1_79' title='bbox 616 1207 692 1273; x_wconf 88' lang='lat' dir='ltr'><strong>vieti</strong></span> <span class='ocrx_word' id='word_1_80' title='bbox 708 1217 743 1272; x_wconf 89' lang='lat' dir='ltr'><strong>et</strong></span> <span class='ocrx_word' id='word_1_81' title='bbox 763 1206 873 1292; x_wconf 83' lang='lat' dir='ltr'><strong>ignavi</strong></span> <span class='ocrx_word' id='word_1_82' title='bbox 890 1207 1115 1288; x_wconf 82' lang='lat' dir='ltr'><strong>despectaren-</strong></span> 
     </span>
    </p>

    <p class='ocr_par' dir='ltr' id='par_1_8' title="bbox 60 1290 1112 1380">
     <span class='ocr_line' id='line_1_12' title="bbox 60 1290 1112 1380; baseline -0.006 -21"><span class='ocrx_word' id='word_1_83' title='bbox 60 1297 129 1363; x_wconf 74' lang='lat' dir='ltr'><strong>tur·</strong></span> <span class='ocrx_word' id='word_1_84' title='bbox 173 1290 220 1355; x_wconf 80' lang='lat' dir='ltr'><strong>Et</strong></span> <span class='ocrx_word' id='word_1_85' title='bbox 234 1313 428 1376; x_wconf 88' lang='lat' dir='ltr'><strong>quamquam</strong></span> <span class='ocrx_word' id='word_1_86' title='bbox 443 1294 516 1376; x_wconf 92' lang='lat' dir='ltr'><strong>plus</strong></span> <span class='ocrx_word' id='word_1_87' title='bbox 535 1295 663 1370; x_wconf 89' lang='lat' dir='ltr'><strong>virium,</strong></span> <span class='ocrx_word' id='word_1_88' title='bbox 688 1317 786 1380; x_wconf 85' lang='lat' dir='ltr'>prope</span> <span class='ocrx_word' id='word_1_89' title='bbox 807 1292 992 1377; x_wconf 86' lang='lat' dir='ltr'><strong>duplicatus</strong></span> <span class='ocrx_word' id='word_1_90' title='bbox 1014 1290 1112 1374; x_wconf 83' lang='lat' dir='ltr'><strong>legio·</strong></span> 
     </span>
    </p>

    <p class='ocr_par' dir='ltr' id='par_1_9' title="bbox 55 1377 1114 1464">
     <span class='ocr_line' id='line_1_13' title="bbox 55 1377 1114 1464; baseline 0.001 -25"><span class='ocrx_word' id='word_1_91' title='bbox 55 1395 141 1451; x_wconf 68' lang='lat' dir='ltr'><strong>num</strong></span> <span class='ocrx_word' id='word_1_92' title='bbox 164 1377 420 1464; x_wconf 80' lang='lat' dir='ltr'><strong>auxiliorumque</strong></span> <span class='ocrx_word' id='word_1_93' title='bbox 436 1402 595 1445; x_wconf 63' lang='lat' dir='ltr'><strong>¹nanterus</strong></span> <span class='ocrx_word' id='word_1_94' title='bbox 617 1391 688 1445; x_wconf 89' lang='lat' dir='ltr'><strong>erat</strong></span> <span class='ocrx_word' id='word_1_95' title='bbox 711 1381 856 1456; x_wconf 85' lang='lat' dir='ltr'><strong>Valenti,</strong></span> <span class='ocrx_word' id='word_1_96' title='bbox 880 1380 990 1444; x_wconf 86' lang='lat' dir='ltr'><strong>studia</strong></span> <span class='ocrx_word' id='word_1_97' title='bbox 1006 1387 1114 1442; x_wconf 87' lang='lat' dir='ltr'><strong>tamen</strong></span> 
     </span>
    </p>

    <p class='ocr_par' dir='ltr' id='par_1_10' title="bbox 57 1461 1115 1551">
     <span class='ocr_line' id='line_1_14' title="bbox 57 1461 1115 1551; baseline 0.002 -25"><span class='ocrx_word' id='word_1_98' title='bbox 57 1461 200 1535; x_wconf 81' lang='lat' dir='ltr'><strong>militum</strong></span> <span class='ocrx_word' id='word_1_99' title='bbox 210 1465 243 1528; x_wconf 92' lang='lat' dir='ltr'><strong>iu</strong></span> <span class='ocrx_word' id='word_1_100' title='bbox 256 1464 415 1531; x_wconf 87' lang='lat' dir='ltr'><strong>Caecinam</strong></span> <span class='ocrx_word' id='word_1_101' title='bbox 428 1467 641 1541; x_wconf 86' lang='lat' dir='ltr'><strong>inclinabaut;</strong></span> <span class='ocrx_word' id='word_1_102' title='bbox 656 1489 752 1551; x_wconf 86' lang='lat' dir='ltr'><strong>super</strong></span> <span class='ocrx_word' id='word_1_103' title='bbox 763 1467 995 1550; x_wconf 79' lang='lat' dir='ltr'><strong>benignitatem</strong></span> <span class='ocrx_word' id='word_1_104' title='bbox 1004 1464 1115 1539; x_wconf 87' lang='lat' dir='ltr'><strong>animi,</strong></span> 
     </span>
    </p>

    <p class='ocr_par' dir='ltr' id='par_1_11' title="bbox 60 1552 1116 1637">
     <span class='ocr_line' id='line_1_15' title="bbox 60 1552 1116 1637; baseline -0.002 -20"><span class='ocrx_word' id='word_1_105' title='bbox 60 1571 130 1633; x_wconf 73' lang='lat' dir='ltr'><strong>qua</strong></span> <span class='ocrx_word' id='word_1_106' title='bbox 144 1552 297 1634; x_wconf 87' lang='lat' dir='ltr'><strong>promtior</strong></span> <span class='ocrx_word' id='word_1_107' title='bbox 312 1552 497 1631; x_wconf 87' lang='lat' dir='ltr'><strong>habebatur,</strong></span> <span class='ocrx_word' id='word_1_108' title='bbox 513 1553 610 1617; x_wconf 87' lang='lat' dir='ltr'><strong>etiem</strong></span> <span class='ocrx_word' id='word_1_109' title='bbox 633 1554 744 1637; x_wconf 84' lang='lat' dir='ltr'><strong>vigore</strong></span> <span class='ocrx_word' id='word_1_110' title='bbox 765 1555 903 1633; x_wconf 74' lang='lat' dir='ltr'><strong>aetatis,⁰</strong></span> <span class='ocrx_word' id='word_1_111' title='bbox 922 1552 1116 1635; x_wconf 87' lang='lat' dir='ltr'><strong>proceritate</strong></span> 
     </span>
    </p>

    <p class='ocr_par' dir='ltr' id='par_1_12' title="bbox 55 1638 1115 1724">
     <span class='ocr_line' id='line_1_16' title="bbox 55 1638 1115 1724; baseline 0 -25"><span class='ocrx_word' id='word_1_112' title='bbox 55 1638 216 1720; x_wconf 82' lang='lat' dir='ltr'><strong>corporis,</strong></span> <span class='ocrx_word' id='word_1_113' title='bbox 231 1649 266 1702; x_wconf 92' lang='lat' dir='ltr'><strong>et</strong></span> <span class='ocrx_word' id='word_1_114' title='bbox 279 1640 419 1724; x_wconf 91' lang='lat' dir='ltr'><strong>quodam</strong></span> <span class='ocrx_word' id='word_1_115' title='bbox 434 1640 521 1705; x_wconf 86' lang='lat' dir='ltr'><strong>inani</strong></span> <span class='ocrx_word' id='word_1_116' title='bbox 535 1640 670 1707; x_wconf 62' lang='lat' dir='ltr'><strong>favore!</strong></span> <span class='ocrx_word' id='word_1_117' title='bbox 692 1639 781 1702; x_wconf 90' lang='lat' dir='ltr'><strong>Hinc</strong></span> <span class='ocrx_word' id='word_1_118' title='bbox 799 1640 961 1704; x_wconf 85' lang='lat' dir='ltr'><strong>aemulatio</strong></span> <span class='ocrx_word' id='word_1_119' title='bbox 970 1639 1115 1703; x_wconf 88' lang='lat' dir='ltr'><strong>ducibus.</strong></span> 
     </span>
    </p>

    <p class='ocr_par' dir='ltr' id='par_1_13' title="bbox 62 1723 1117 1804">
     <span class='ocr_line' id='line_1_17' title="bbox 62 1723 1117 1804; baseline -0.003 -14"><span class='ocrx_word' id='word_1_120' title='bbox 62 1723 197 1790; x_wconf 74' lang='lat' dir='ltr'><strong>Caecina</strong></span> <span class='ocrx_word' id='word_1_121' title='bbox 229 1734 288 1793; x_wconf 86' lang='lat' dir='ltr'><strong>‘ut</strong></span> <span class='ocrx_word' id='word_1_122' title='bbox 311 1727 437 1793; x_wconf 86' lang='lat' dir='ltr'><strong>foedum</strong></span> <span class='ocrx_word' id='word_1_123' title='bbox 464 1735 499 1791; x_wconf 90' lang='lat' dir='ltr'><strong>et</strong></span> <span class='ocrx_word' id='word_1_124' title='bbox 517 1726 757 1804; x_wconf 70' lang='lat' dir='ltr'><strong>maculosum‚’⁹</strong></span> <span class='ocrx_word' id='word_1_125' title='bbox 779 1726 834 1790; x_wconf 85' lang='lat' dir='ltr'><strong>ille</strong></span> <span class='ocrx_word' id='word_1_126' title='bbox 857 1734 919 1789; x_wconf 83' lang='lat' dir='ltr'><strong>‘ut</strong></span> <span class='ocrx_word' id='word_1_127' title='bbox 944 1745 1061 1788; x_wconf 85' lang='lat' dir='ltr'><strong>vanum</strong></span> <span class='ocrx_word' id='word_1_128' title='bbox 1077 1745 1117 1788; x_wconf 86' lang='lat' dir='ltr'><strong>ac</strong></span> 
     </span>
    </p>

    <p class='ocr_par' dir='ltr' id='par_1_14' title="bbox 58 1810 1118 1891">
     <span class='ocr_line' id='line_1_18' title="bbox 58 1810 1118 1891; baseline 0.001 -18"><span class='ocrx_word' id='word_1_129' title='bbox 58 1810 246 1891; x_wconf 59' lang='lat' dir='ltr'><strong>,tumiduml</strong></span> <span class='ocrx_word' id='word_1_130' title='bbox 260 1813 450 1885; x_wconf 87' lang='lat' dir='ltr'><strong>inridebant.</strong></span> <span class='ocrx_word' id='word_1_131' title='bbox 495 1814 562 1883; x_wconf 86' lang='lat' dir='ltr'><strong>Sed</strong></span> <span class='ocrx_word' id='word_1_132' title='bbox 586 1813 714 1879; x_wconf 92' lang='lat' dir='ltr'><strong>condito</strong></span> <span class='ocrx_word' id='word_1_133' title='bbox 732 1812 815 1884; x_wconf 81' lang='lat' dir='ltr'><strong>odio,</strong></span> <span class='ocrx_word' id='word_1_134' title='bbox 835 1813 979 1876; x_wconf 87' lang='lat' dir='ltr'><strong>eamdem</strong></span> <span class='ocrx_word' id='word_1_135' title='bbox 997 1810 1118 1874; x_wconf 83' lang='lat' dir='ltr'><strong>utilita-</strong></span> 
     </span>
    </p>

    <p class='ocr_par' dir='ltr' id='par_1_15' title="bbox 60 1896 1118 1985">
     <span class='ocr_line' id='line_1_19' title="bbox 60 1896 1118 1985; baseline -0.006 -20"><span class='ocrx_word' id='word_1_136' title='bbox 60 1896 266 1974; x_wconf 74' lang='lat' dir='ltr'><strong>temtovere,</strong></span> <span class='ocrx_word' id='word_1_137' title='bbox 284 1900 404 1965; x_wconf 88' lang='lat' dir='ltr'><strong>crebris</strong></span> <span class='ocrx_word' id='word_1_138' title='bbox 423 1901 578 1985; x_wconf 88' lang='lat' dir='ltr'><strong>epistolis,</strong></span> <span class='ocrx_word' id='word_1_139' title='bbox 603 1901 671 1964; x_wconf 91' lang='lat' dir='ltr'><strong>sine</strong></span> <span class='ocrx_word' id='word_1_140' title='bbox 693 1908 842 1984; x_wconf 88' lang='lat' dir='ltr'><strong>respectu</strong></span> <span class='ocrx_word' id='word_1_141' title='bbox 864 1899 978 1972; x_wconf 83' lang='lat' dir='ltr'><strong>veniae,</strong></span> <span class='ocrx_word' id='word_1_142' title='bbox 1001 1897 1118 1981; x_wconf 88' lang='lat' dir='ltr'><strong>probra</strong></span> 
     </span>
    </p>

    <p class='ocr_par' dir='ltr' id='par_1_16' title="bbox 64 1982 1117 2071">
     <span class='ocr_line' id='line_1_20' title="bbox 64 1982 1117 2071; baseline -0.003 -21"><span class='ocrx_word' id='word_1_143' title='bbox 64 1982 191 2050; x_wconf 79' lang='lat' dir='ltr'><strong>Othoni</strong></span> <span class='ocrx_word' id='word_1_144' title='bbox 205 1986 420 2070; x_wconf 88' lang='lat' dir='ltr'><strong>objectantes:</strong></span> <span class='ocrx_word' id='word_1_145' title='bbox 444 2010 518 2052; x_wconf 90' lang='lat' dir='ltr'><strong>cum</strong></span> <span class='ocrx_word' id='word_1_146' title='bbox 538 1988 636 2051; x_wconf 89' lang='lat' dir='ltr'><strong>duces</strong></span> <span class='ocrx_word' id='word_1_147' title='bbox 650 1987 790 2071; x_wconf 87' lang='lat' dir='ltr'><strong>partium</strong></span> <span class='ocrx_word' id='word_1_148' title='bbox 808 1984 955 2059; x_wconf 84' lang='lat' dir='ltr'><strong>Othonis,</strong></span> <span class='ocrx_word' id='word_1_149' title='bbox 972 1983 1117 2068; x_wconf 83' lang='lat' dir='ltr'><strong>quamvis</strong></span> 
     </span>
    </p>

    <p class='ocr_par' dir='ltr' id='par_1_17' title="bbox 63 2069 1076 2152">
     <span class='ocr_line' id='line_1_21' title="bbox 63 2069 1076 2152; baseline -0.004 -15"><span class='ocrx_word' id='word_1_150' title='bbox 63 2069 226 2137; x_wconf 77' lang='lat' dir='ltr'><strong>uberrima</strong></span> <span class='ocrx_word' id='word_1_151' title='bbox 240 2073 457 2138; x_wconf 89' lang='lat' dir='ltr'><strong>conviciorum</strong></span> <span class='ocrx_word' id='word_1_152' title='bbox 472 2076 505 2138; x_wconf 90' lang='lat' dir='ltr'><strong>in</strong></span> <span class='ocrx_word' id='word_1_153' title='bbox 522 2073 690 2138; x_wconf 89' lang='lat' dir='ltr'><strong>Vitellium</strong></span> <span class='ocrx_word' id='word_1_154' title='bbox 705 2073 850 2152; x_wconf 89' lang='lat' dir='ltr'><strong>materia,</strong></span> <span class='ocrx_word' id='word_1_155' title='bbox 869 2073 1076 2136; x_wconf 79' lang='lat' dir='ltr'><strong>abstinerent.</strong></span> 
     </span>
    </p>

    <p class='ocr_par' dir='ltr' id='par_1_18' title="bbox 59 2157 1118 2244">
     <span class='ocr_line' id='line_1_22' title="bbox 59 2157 1118 2244; baseline -0.007 -17"><span class='ocrx_word' id='word_1_156' title='bbox 59 2218 63 2227; x_wconf 89' lang='grc'><em>.</em></span> <span class='ocrx_word' id='word_1_157' title='bbox 108 2157 164 2225; x_wconf 82' lang='grc'><strong>31.</strong></span> <span class='ocrx_word' id='word_1_158' title='bbox 189 2157 275 2225; x_wconf 83' lang='lat' dir='ltr'><strong>Sane</strong></span> <span class='ocrx_word' id='word_1_159' title='bbox 300 2169 376 2224; x_wconf 90' lang='lat' dir='ltr'><strong>ante</strong></span> <span class='ocrx_word' id='word_1_160' title='bbox 399 2161 568 2244; x_wconf 88' lang='lat' dir='ltr'><strong>utriusque</strong></span> <span class='ocrx_word' id='word_1_161' title='bbox 593 2162 730 2235; x_wconf 83' lang='lat' dir='ltr'><strong>exitum,</strong></span> <span class='ocrx_word' id='word_1_162' title='bbox 755 2182 819 2243; x_wconf 90' lang='lat' dir='ltr'><strong>quo</strong></span> <span class='ocrx_word' id='word_1_163' title='bbox 842 2160 1004 2242; x_wconf 83' lang='lat' dir='ltr'><strong>egregiam</strong></span> <span class='ocrx_word' id='word_1_164' title='bbox 1028 2157 1118 2221; x_wconf 83' lang='lat' dir='ltr'><strong>Otho</strong></span> 
     </span>
    </p>

    <p class='ocr_par' dir='ltr' id='par_1_19' title="bbox 60 2243 1179 3196">
     <span class='ocr_line' id='line_1_23' title="bbox 61 2243 1179 2330; baseline -0.004 -21"><span class='ocrx_word' id='word_1_165' title='bbox 61 2243 195 2325; x_wconf 68' lang='lat' dir='ltr'><strong>fanum,</strong></span> <span class='ocrx_word' id='word_1_166' title='bbox 212 2246 369 2311; x_wconf 90' lang='lat' dir='ltr'><strong>Vitellius</strong></span> <span class='ocrx_word' id='word_1_167' title='bbox 383 2247 675 2330; x_wconf 79' lang='lat' dir='ltr'><strong>flagitiosissimam,</strong></span> <span class='ocrx_word' id='word_1_168' title='bbox 692 2268 849 2322; x_wconf 89' lang='lat' dir='ltr'><strong>meruere,</strong></span> <span class='ocrx_word' id='word_1_169' title='bbox 865 2245 969 2308; x_wconf 93' lang='lat' dir='ltr'><strong>minus</strong></span> <span class='ocrx_word' id='word_1_170' title='bbox 990 2243 1120 2307; x_wconf 86' lang='lat' dir='ltr'><strong>Vitellii</strong></span> <span class='ocrx_word' id='word_1_171' title='bbox 1178 2259 1179 2262; x_wconf 73' lang='grc'>’</span> 
     </span>
     <span class='ocr_line' id='line_1_24' title="bbox 60 2329 1119 2418; baseline -0.008 -17"><span class='ocrx_word' id='word_1_172' title='bbox 60 2330 193 2418; x_wconf 70' lang='lat' dir='ltr'><strong>ignava&gt;</strong></span> <span class='ocrx_word' id='word_1_173' title='bbox 209 2333 401 2417; x_wconf 87' lang='lat' dir='ltr'><strong>voluptates,</strong></span> <span class='ocrx_word' id='word_1_174' title='bbox 418 2356 515 2418; x_wconf 90' lang='lat' dir='ltr'><strong>quam</strong></span> <span class='ocrx_word' id='word_1_175' title='bbox 538 2333 675 2397; x_wconf 86' lang='lat' dir='ltr'><strong>Othonis</strong></span> <span class='ocrx_word' id='word_1_176' title='bbox 696 2333 949 2417; x_wconf 82' lang='lat' dir='ltr'><strong>flagrantissimae</strong></span> <span class='ocrx_word' id='word_1_177' title='bbox 971 2329 1119 2394; x_wconf 87' lang='lat' dir='ltr'><strong>libidines</strong></span> 
     </span>
     <span class='ocr_line' id='line_1_25' title="bbox 64 2418 1119 2502; baseline -0.005 -19"><span class='ocrx_word' id='word_1_178' title='bbox 64 2420 272 2493; x_wconf 80' lang='lat' dir='ltr'><strong>timebantur.</strong></span> <span class='ocrx_word' id='word_1_179' title='bbox 310 2420 489 2485; x_wconf 84' lang='lat' dir='ltr'><strong>Addiderat</strong></span> <span class='ocrx_word' id='word_1_180' title='bbox 504 2421 577 2483; x_wconf 91' lang='lat' dir='ltr'><strong>huic</strong></span> <span class='ocrx_word' id='word_1_181' title='bbox 598 2429 751 2485; x_wconf 88' lang='lat' dir='ltr'><strong>terrorem</strong></span> <span class='ocrx_word' id='word_1_182' title='bbox 771 2430 869 2502; x_wconf 91' lang='lat' dir='ltr'><strong>atque</strong></span> <span class='ocrx_word' id='word_1_183' title='bbox 884 2418 993 2482; x_wconf 90' lang='lat' dir='ltr'><strong>odium</strong></span> <span class='ocrx_word' id='word_1_184' title='bbox 1013 2418 1119 2481; x_wconf 79' lang='lat' dir='ltr'><strong>eredes</strong></span> 
     </span>
     <span class='ocr_line' id='line_1_26' title="bbox 61 2503 1119 2589; baseline -0.01 -12"><span class='ocrx_word' id='word_1_185' title='bbox 61 2504 205 2582; x_wconf 72' lang='lat' dir='ltr'><strong>‚Galhae3</strong></span> <span class='ocrx_word' id='word_1_186' title='bbox 227 2515 347 2583; x_wconf 89' lang='lat' dir='ltr'><strong>contra,</strong></span> <span class='ocrx_word' id='word_1_187' title='bbox 367 2506 414 2571; x_wconf 91' lang='lat' dir='ltr'><strong>illi</strong></span> <span class='ocrx_word' id='word_1_188' title='bbox 434 2508 560 2572; x_wconf 86' lang='lat' dir='ltr'><strong>initiam</strong></span> <span class='ocrx_word' id='word_1_189' title='bbox 576 2508 652 2571; x_wconf 89' lang='lat' dir='ltr'><strong>belli</strong></span> <span class='ocrx_word' id='word_1_190' title='bbox 665 2529 757 2572; x_wconf 88' lang='lat' dir='ltr'><strong>nemo</strong></span> <span class='ocrx_word' id='word_1_191' title='bbox 771 2507 981 2589; x_wconf 76' lang='lat' dir='ltr'><strong>imputabat·</strong></span> <span class='ocrx_word' id='word_1_192' title='bbox 1012 2503 1119 2567; x_wconf 90' lang='lat' dir='ltr'><strong>Vitel-</strong></span> 
     </span>
     <span class='ocr_line' id='line_1_27' title="bbox 63 2589 1116 2677; baseline -0.006 -19"><span class='ocrx_word' id='word_1_193' title='bbox 63 2593 136 2658; x_wconf 85' lang='lat' dir='ltr'><strong>lius·</strong></span> <span class='ocrx_word' id='word_1_194' title='bbox 152 2603 265 2658; x_wconf 84' lang='lat' dir='ltr'><strong>ventre</strong></span> <span class='ocrx_word' id='word_1_195' title='bbox 286 2602 321 2657; x_wconf 89' lang='lat' dir='ltr'><strong>et</strong></span> <span class='ocrx_word' id='word_1_196' title='bbox 342 2593 419 2676; x_wconf 84' lang='lat' dir='ltr'><strong>gula</strong></span> <span class='ocrx_word' id='word_1_197' title='bbox 442 2595 502 2659; x_wconf 90' lang='lat' dir='ltr'><strong>sibi</strong></span> <span class='ocrx_word' id='word_1_198' title='bbox 525 2593 587 2677; x_wconf 90' lang='lat' dir='ltr'><strong>ipsi</strong></span> <span class='ocrx_word' id='word_1_199' title='bbox 611 2595 730 2670; x_wconf 82' lang='lat' dir='ltr'><strong>hostis3</strong></span> <span class='ocrx_word' id='word_1_200' title='bbox 754 2593 843 2658; x_wconf 83' lang='lat' dir='ltr'><strong>Otho</strong></span> <span class='ocrx_word' id='word_1_201' title='bbox 867 2593 960 2667; x_wconf 86' lang='lat' dir='ltr'><strong>luxu,</strong></span> <span class='ocrx_word' id='word_1_202' title='bbox 982 2589 1116 2663; x_wconf 84' lang='lat' dir='ltr'><strong>saevitia.</strong></span> 
     </span>
     <span class='ocr_line' id='line_1_28' title="bbox 65 2676 1119 2787; baseline -0.007 -40"><span class='ocrx_word' id='word_1_203' title='bbox 65 2682 215 2787; x_wconf 67' lang='lat' dir='ltr'><strong>audacia,</strong></span> <span class='ocrx_word' id='word_1_204' title='bbox 231 2680 413 2764; x_wconf 82' lang='lat' dir='ltr'><strong>reipublicae</strong></span> <span class='ocrx_word' id='word_1_205' title='bbox 428 2681 597 2763; x_wconf 87' lang='lat' dir='ltr'><strong>exitiosior</strong></span> <span class='ocrx_word' id='word_1_206' title='bbox 615 2682 802 2745; x_wconf 88' lang='lat' dir='ltr'><strong>ducebatur.</strong></span> <span class='ocrx_word' id='word_1_207' title='bbox 840 2678 1030 2762; x_wconf 85' lang='lat' dir='ltr'><strong>Oonjunctis</strong></span> <span class='ocrx_word' id='word_1_208' title='bbox 1046 2676 1119 2741; x_wconf 83' lang='lat' dir='ltr'><strong>cae-</strong></span> 
     </span>
     <span class='ocr_line' id='line_1_29' title="bbox 64 2766 1118 2853; baseline -0.01 -16"><span class='ocrx_word' id='word_1_209' title='bbox 64 2768 149 2837; x_wconf 75' lang='lat' dir='ltr'><strong>cinea</strong></span> <span class='ocrx_word' id='word_1_210' title='bbox 164 2792 201 2833; x_wconf 90' lang='lat' dir='ltr'><strong>ac</strong></span> <span class='ocrx_word' id='word_1_211' title='bbox 218 2767 368 2833; x_wconf 86' lang='lat' dir='ltr'><strong>Valentis</strong></span> <span class='ocrx_word' id='word_1_212' title='bbox 382 2769 492 2853; x_wconf 89' lang='lat' dir='ltr'><strong>copiis,</strong></span> <span class='ocrx_word' id='word_1_213' title='bbox 508 2768 595 2833; x_wconf 88' lang='lat' dir='ltr'><strong>nulla</strong></span> <span class='ocrx_word' id='word_1_214' title='bbox 609 2767 696 2832; x_wconf 90' lang='lat' dir='ltr'><strong>ultra</strong></span> <span class='ocrx_word' id='word_1_215' title='bbox 711 2789 806 2851; x_wconf 89' lang='lat' dir='ltr'><strong>penes</strong></span> <span class='ocrx_word' id='word_1_216' title='bbox 818 2766 1010 2831; x_wconf 85' lang='lat' dir='ltr'><strong>Vitellianos</strong></span> <span class='ocrx_word' id='word_1_217' title='bbox 1020 2784 1118 2839; x_wconf 80' lang='lat' dir='ltr'><strong>mora,</strong></span> 
     </span>
     <span class='ocr_line' id='line_1_30' title="bbox 65 2850 1119 2941; baseline -0.009 -20"><span class='ocrx_word' id='word_1_218' title='bbox 65 2856 149 2941; x_wconf 84' lang='lat' dir='ltr'><strong>quin</strong></span> <span class='ocrx_word' id='word_1_219' title='bbox 164 2855 239 2921; x_wconf 92' lang='lat' dir='ltr'><strong>totis</strong></span> <span class='ocrx_word' id='word_1_220' title='bbox 252 2855 372 2918; x_wconf 88' lang='lat' dir='ltr'><strong>viribus</strong></span> <span class='ocrx_word' id='word_1_221' title='bbox 387 2864 558 2919; x_wconf 88' lang='lat' dir='ltr'><strong>certarent.</strong></span> <span class='ocrx_word' id='word_1_222' title='bbox 579 2866 582 2873; x_wconf 83' lang='grc'><strong>“</strong></span> <span class='ocrx_word' id='word_1_223' title='bbox 603 2853 691 2920; x_wconf 91' lang='lat' dir='ltr'><strong>Otho</strong></span> <span class='ocrx_word' id='word_1_224' title='bbox 707 2852 911 2928; x_wconf 88' lang='lat' dir='ltr'><strong>consultavit,</strong></span> <span class='ocrx_word' id='word_1_225' title='bbox 933 2851 1039 2916; x_wconf 89' lang='lat' dir='ltr'><strong>‘trahi</strong></span> <span class='ocrx_word' id='word_1_226' title='bbox 1053 2850 1119 2915; x_wconf 85' lang='lat' dir='ltr'><strong>bel·</strong></span> 
     </span>
     <span class='ocr_line' id='line_1_31' title="bbox 61 2936 1120 3026; baseline -0.007 -18"><span class='ocrx_word' id='word_1_227' title='bbox 61 2944 147 3023; x_wconf 85' lang='lat' dir='ltr'><strong>lurn,</strong></span> <span class='ocrx_word' id='word_1_228' title='bbox 179 2966 219 3008; x_wconf 90' lang='lat' dir='ltr'><strong>an</strong></span> <span class='ocrx_word' id='word_1_229' title='bbox 249 2941 410 3005; x_wconf 82' lang='lat' dir='ltr'><strong>fortunam</strong></span> <span class='ocrx_word' id='word_1_230' title='bbox 440 2942 581 3026; x_wconf 86' lang='lat' dir='ltr'><strong>experiri</strong></span> <span class='ocrx_word' id='word_1_231' title='bbox 613 2941 774 3025; x_wconf 77' lang='lat' dir='ltr'><strong>placeret’</strong></span> <span class='ocrx_word' id='word_1_232' title='bbox 829 2940 914 3003; x_wconf 80' lang='lat' dir='ltr'><strong>Tum</strong></span> <span class='ocrx_word' id='word_1_233' title='bbox 946 2936 1120 3001; x_wconf 85' lang='lat' dir='ltr'><strong>Suetonius</strong></span> 
     </span>
     <span class='ocr_line' id='line_1_32' title="bbox 67 3025 1121 3112; baseline -0.011 -14"><span class='ocrx_word' id='word_1_234' title='bbox 67 3029 248 3104; x_wconf 84' lang='lat' dir='ltr'><strong>Paullinus,</strong></span> <span class='ocrx_word' id='word_1_235' title='bbox 264 3029 397 3110; x_wconf 84' lang='lat' dir='ltr'><strong>dignum</strong></span> <span class='ocrx_word' id='word_1_236' title='bbox 413 3028 499 3092; x_wconf 88' lang='lat' dir='ltr'><strong>fama</strong></span> <span class='ocrx_word' id='word_1_237' title='bbox 513 3051 572 3093; x_wconf 89' lang='lat' dir='ltr'><strong>sua</strong></span> <span class='ocrx_word' id='word_1_238' title='bbox 585 3037 687 3109; x_wconf 88' lang='lat' dir='ltr'><strong>ratus,</strong></span> <span class='ocrx_word' id='word_1_239' title='bbox 709 3050 774 3112; x_wconf 87' lang='lat' dir='ltr'><strong>qua</strong></span> <span class='ocrx_word' id='word_1_240' title='bbox 795 3047 889 3090; x_wconf 90' lang='lat' dir='ltr'><strong>nemo</strong></span> <span class='ocrx_word' id='word_1_241' title='bbox 911 3025 966 3088; x_wconf 88' lang='lat' dir='ltr'><strong>illa</strong></span> <span class='ocrx_word' id='word_1_242' title='bbox 981 3033 1121 3106; x_wconf 87' lang='lat' dir='ltr'><strong>tempes-</strong></span> 
     </span>
     <span class='ocr_line' id='line_1_33' title="bbox 64 3109 1121 3196; baseline -0.01 -12"><span class='ocrx_word' id='word_1_243' title='bbox 64 3125 137 3184; x_wconf 82' lang='lat' dir='ltr'><strong>tate</strong></span> <span class='ocrx_word' id='word_1_244' title='bbox 152 3117 298 3182; x_wconf 89' lang='lat' dir='ltr'><strong>militaris</strong></span> <span class='ocrx_word' id='word_1_245' title='bbox 313 3117 361 3178; x_wconf 88' lang='lat' dir='ltr'><strong>rei</strong></span> <span class='ocrx_word' id='word_1_246' title='bbox 375 3115 518 3181; x_wconf 89' lang='lat' dir='ltr'><strong>callidior</strong></span> <span class='ocrx_word' id='word_1_247' title='bbox 537 3115 726 3192; x_wconf 85' lang='lat' dir='ltr'><strong>habebatur,</strong></span> <span class='ocrx_word' id='word_1_248' title='bbox 749 3115 791 3177; x_wconf 90' lang='lat' dir='ltr'><strong>de</strong></span> <span class='ocrx_word' id='word_1_249' title='bbox 816 3122 883 3179; x_wconf 89' lang='lat' dir='ltr'><strong>toto</strong></span> <span class='ocrx_word' id='word_1_250' title='bbox 904 3130 1023 3196; x_wconf 84' lang='lat' dir='ltr'><strong>gauere</strong></span> <span class='ocrx_word' id='word_1_251' title='bbox 1045 3109 1121 3174; x_wconf 90' lang='lat' dir='ltr'><strong>belli</strong></span> 
     </span>
    </p>
   </div>
   <div class='ocr_carea' id='block_1_5' title="bbox 65 3361 1122 3690">
    <p class='ocr_par' dir='ltr' id='par_1_20' title="bbox 65 3361 1121 3562">
     <span class='ocr_line' id='line_1_34' title="bbox 65 3361 774 3432; baseline -0.014 -13"><span class='ocrx_word' id='word_1_252' title='bbox 65 3375 110 3420; x_wconf 84' lang='lat'><strong>85.</strong></span> <span class='ocrx_word' id='word_1_253' title='bbox 136 3367 172 3416; x_wconf 78' lang='lat' dir='ltr'><strong>As</strong></span> <span class='ocrx_word' id='word_1_254' title='bbox 192 3383 262 3432; x_wconf 86' lang='lat' dir='ltr'><strong>many</strong></span> <span class='ocrx_word' id='word_1_255' title='bbox 279 3367 329 3414; x_wconf 86' lang='lat' dir='ltr'><strong>had</strong></span> <span class='ocrx_word' id='word_1_256' title='bbox 347 3365 469 3427; x_wconf 86' lang='lat' dir='ltr'><strong>offended‚</strong></span> <span class='ocrx_word' id='word_1_257' title='bbox 487 3366 517 3412; x_wconf 87' lang='lat' dir='ltr'><strong>he</strong></span> <span class='ocrx_word' id='word_1_258' title='bbox 528 3364 578 3412; x_wconf 89' lang='lat' dir='ltr'><strong>ani·</strong></span> <span class='ocrx_word' id='word_1_259' title='bbox 609 3364 635 3413; x_wconf 93' lang='lat' dir='ltr'><strong>in</strong></span> <span class='ocrx_word' id='word_1_260' title='bbox 647 3361 739 3420; x_wconf 62' lang='lat' dir='ltr'><strong>Amiii,</strong></span> <span class='ocrx_word' id='word_1_261' title='bbox 750 3365 774 3410; x_wconf 84' lang='grc'><strong>8.</strong></span> 
     </span>
     <span class='ocr_line' id='line_1_35' title="bbox 66 3424 1121 3494; baseline -0.011 -10"><span class='ocrx_word' id='word_1_262' title='bbox 66 3433 190 3492; x_wconf 74' lang='lat' dir='ltr'><strong>madverte</strong></span> <span class='ocrx_word' id='word_1_263' title='bbox 205 3450 236 3479; x_wconf 91' lang='lat' dir='ltr'><strong>on</strong></span> <span class='ocrx_word' id='word_1_264' title='bbox 253 3449 267 3479; x_wconf 84' lang='lat' dir='ltr'><strong>a</strong></span> <span class='ocrx_word' id='word_1_265' title='bbox 285 3433 340 3494; x_wconf 83' lang='lat' dir='ltr'><strong>saw,</strong></span> <span class='ocrx_word' id='word_1_266' title='bbox 351 3432 432 3479; x_wconf 85' lang='lat' dir='ltr'><strong>which</strong></span> <span class='ocrx_word' id='word_1_267' title='bbox 443 3433 463 3478; x_wconf 90' lang='lat' dir='ltr'><strong>is</strong></span> <span class='ocrx_word' id='word_1_268' title='bbox 473 3431 514 3478; x_wconf 85' lang='lat' dir='ltr'><strong>the</strong></span> <span class='ocrx_word' id='word_1_269' title='bbox 524 3430 580 3478; x_wconf 83' lang='lat' dir='ltr'><strong>best</strong></span> <span class='ocrx_word' id='word_1_270' title='bbox 643 3429 762 3478; x_wconf 58' lang='lat' dir='ltr'><strong>&amp;Fadum</strong></span> <span class='ocrx_word' id='word_1_271' title='bbox 773 3431 797 3476; x_wconf 76' lang='lat' dir='ltr'><strong>et</strong></span> <span class='ocrx_word' id='word_1_272' title='bbox 805 3424 960 3488; x_wconf 78' lang='lat' dir='ltr'><strong>maculosum]</strong></span> <span class='ocrx_word' id='word_1_273' title='bbox 988 3424 1056 3474; x_wconf 88' lang='lat' dir='ltr'><strong>With</strong></span> <span class='ocrx_word' id='word_1_274' title='bbox 1066 3439 1121 3474; x_wconf 82' lang='lat' dir='ltr'><strong>ave·</strong></span> 
     </span>
     <span class='ocr_line' id='line_1_36' title="bbox 66 3491 926 3562; baseline -0.007 -15"><span class='ocrx_word' id='word_1_275' title='bbox 66 3499 140 3554; x_wconf 86' lang='lat' dir='ltr'><strong>mode</strong></span> <span class='ocrx_word' id='word_1_276' title='bbox 151 3499 179 3546; x_wconf 80' lang='lat' dir='ltr'><strong>of</strong></span> <span class='ocrx_word' id='word_1_277' title='bbox 186 3498 296 3562; x_wconf 82' lang='lat' dir='ltr'><strong>showing</strong></span> <span class='ocrx_word' id='word_1_278' title='bbox 303 3497 417 3561; x_wconf 85' lang='lat' dir='ltr'><strong>severity.</strong></span> <span class='ocrx_word' id='word_1_279' title='bbox 611 3494 661 3544; x_wconf 87' lang='lat' dir='ltr'><strong>rice</strong></span> <span class='ocrx_word' id='word_1_280' title='bbox 672 3491 720 3540; x_wconf 86' lang='lat' dir='ltr'><strong>and</strong></span> <span class='ocrx_word' id='word_1_281' title='bbox 731 3494 796 3540; x_wconf 84' lang='lat' dir='ltr'><strong>lust:</strong></span> <span class='ocrx_word' id='word_1_282' title='bbox 813 3492 846 3540; x_wconf 88' lang='lat' dir='ltr'><strong>H.</strong></span> <span class='ocrx_word' id='word_1_283' title='bbox 855 3492 873 3546; x_wconf 87' lang='lat' dir='ltr'><strong>i,</strong></span> <span class='ocrx_word' id='word_1_284' title='bbox 884 3495 926 3541; x_wconf 80' lang='grc'><strong>66.</strong></span> 
     </span>
    </p>

    <p class='ocr_par' dir='ltr' id='par_1_21' title="bbox 66 3553 1122 3690">
     <span class='ocr_line' id='line_1_37' title="bbox 102 3553 1122 3626; baseline -0.013 -13"><span class='ocrx_word' id='word_1_285' title='bbox 102 3569 117 3596; x_wconf 79' lang='grc'><em>·</em></span> <span class='ocrx_word' id='word_1_286' title='bbox 133 3563 229 3626; x_wconf 81' lang='lat' dir='ltr'><strong>Licere]</strong></span> <span class='ocrx_word' id='word_1_287' title='bbox 251 3562 302 3610; x_wconf 86' lang='lat' dir='ltr'><strong>The</strong></span> <span class='ocrx_word' id='word_1_288' title='bbox 313 3576 385 3610; x_wconf 85' lang='lat' dir='ltr'><strong>cause</strong></span> <span class='ocrx_word' id='word_1_289' title='bbox 398 3562 425 3609; x_wconf 80' lang='lat' dir='ltr'><strong>oi</strong></span> <span class='ocrx_word' id='word_1_290' title='bbox 440 3560 490 3609; x_wconf 87' lang='lat' dir='ltr'><strong>this</strong></span> <span class='ocrx_word' id='word_1_291' title='bbox 505 3559 581 3607; x_wconf 88' lang='lat' dir='ltr'><strong>licen·</strong></span> <span class='ocrx_word' id='word_1_292' title='bbox 645 3565 657 3592; x_wconf 79' lang='lat'>²</span> <span class='ocrx_word' id='word_1_293' title='bbox 675 3559 751 3607; x_wconf 88' lang='lat' dir='ltr'><strong>Nemo</strong></span> <span class='ocrx_word' id='word_1_294' title='bbox 767 3557 911 3619; x_wconf 80' lang='lat' dir='ltr'><strong>imputabat]</strong></span> <span class='ocrx_word' id='word_1_295' title='bbox 943 3555 981 3604; x_wconf 86' lang='lat' dir='ltr'><strong>As</strong></span> <span class='ocrx_word' id='word_1_296' title='bbox 1008 3553 1122 3604; x_wconf 82' lang='lat' dir='ltr'><strong>Vitellius</strong></span> 
     </span>
     <span class='ocr_line' id='line_1_38' title="bbox 66 3622 1122 3690; baseline -0.011 -13"><span class='ocrx_word' id='word_1_297' title='bbox 66 3627 416 3690; x_wconf 84' lang='lat' dir='ltr'><strong>tiousconductlsexpressed</strong></span> <span class='ocrx_word' id='word_1_298' title='bbox 430 3627 456 3674; x_wconf 91' lang='lat' dir='ltr'><strong>iu</strong></span> <span class='ocrx_word' id='word_1_299' title='bbox 473 3640 489 3673; x_wconf 79' lang='lat' dir='ltr'><strong>a</strong></span> <span class='ocrx_word' id='word_1_300' title='bbox 504 3625 579 3688; x_wconf 80' lang='lat' dir='ltr'><strong>lively</strong></span> <span class='ocrx_word' id='word_1_301' title='bbox 612 3639 663 3671; x_wconf 87' lang='lat' dir='ltr'><strong>was</strong></span> <span class='ocrx_word' id='word_1_302' title='bbox 682 3624 802 3686; x_wconf 83' lang='lat' dir='ltr'><strong>naturally</strong></span> <span class='ocrx_word' id='word_1_303' title='bbox 822 3622 937 3685; x_wconf 81' lang='lat' dir='ltr'><strong>sluggislr‚</strong></span> <span class='ocrx_word' id='word_1_304' title='bbox 957 3636 989 3666; x_wconf 86' lang='lat' dir='ltr'><strong>no</strong></span> <span class='ocrx_word' id='word_1_305' title='bbox 1014 3633 1060 3666; x_wconf 87' lang='lat' dir='ltr'><strong>one</strong></span> <span class='ocrx_word' id='word_1_306' title='bbox 1081 3633 1122 3666; x_wconf 86' lang='lat' dir='ltr'><strong>ac-</strong></span> 
     </span>
    </p>
   </div>
   <div class='ocr_carea' id='block_1_6' title="bbox 66 3682 1236 3759">
    <p class='ocr_par' dir='ltr' id='par_1_22' title="bbox 66 3682 1236 3759">
     <span class='ocr_line' id='line_1_39' title="bbox 66 3682 1236 3759; baseline -0.016 -15"><span class='ocrx_word' id='word_1_307' title='bbox 66 3708 171 3745; x_wconf 84' lang='lat' dir='ltr'><strong>manncr</strong></span> <span class='ocrx_word' id='word_1_308' title='bbox 185 3693 218 3759; x_wconf 88' lang='lat' dir='ltr'><strong>by</strong></span> <span class='ocrx_word' id='word_1_309' title='bbox 232 3694 323 3748; x_wconf 87' lang='lat' dir='ltr'><strong>Lucan,</strong></span> <span class='ocrx_word' id='word_1_310' title='bbox 337 3709 362 3747; x_wconf 86' lang='lat' dir='ltr'><strong>v,</strong></span> <span class='ocrx_word' id='word_1_311' title='bbox 373 3696 431 3742; x_wconf 73' lang='lat'><strong>290.</strong></span> <span class='ocrx_word' id='word_1_312' title='bbox 452 3689 580 3749; x_wconf 85' lang='lat' dir='ltr'><strong>‘Facinus‚</strong></span> <span class='ocrx_word' id='word_1_313' title='bbox 612 3688 686 3736; x_wconf 84' lang='lat' dir='ltr'><strong>cased</strong></span> <span class='ocrx_word' id='word_1_314' title='bbox 696 3688 744 3735; x_wconf 91' lang='lat' dir='ltr'><strong>him</strong></span> <span class='ocrx_word' id='word_1_315' title='bbox 755 3687 944 3750; x_wconf 80' lang='lat' dir='ltr'><strong>witbbsingtbe</strong></span> <span class='ocrx_word' id='word_1_316' title='bbox 954 3682 1073 3730; x_wconf 80' lang='lat' dir='ltr'><strong>authorot</strong></span> <span class='ocrx_word' id='word_1_317' title='bbox 1082 3683 1123 3727; x_wconf 87' lang='lat' dir='ltr'><strong>the</strong></span> <span class='ocrx_word' id='word_1_318' title='bbox 1233 3699 1236 3706; x_wconf 92' lang='lat'><strong>·</strong></span> 
     </span>
    </p>
   </div>
   <div class='ocr_carea' id='block_1_7' title="bbox 10 3747 1124 4021">
    <p class='ocr_par' dir='ltr' id='par_1_23' title="bbox 10 3747 1123 3828">
     <span class='ocr_line' id='line_1_40' title="bbox 10 3747 1123 3828; baseline -0.018 -17"><span class='ocrx_word' id='word_1_319' title='bbox 10 3751 16 3762; x_wconf 71' lang='grc'>’</span> <span class='ocrx_word' id='word_1_320' title='bbox 66 3775 130 3828; x_wconf 86' lang='lat' dir='ltr'><strong>quos</strong></span> <span class='ocrx_word' id='word_1_321' title='bbox 139 3760 259 3821; x_wconf 86' lang='lat' dir='ltr'><strong>inquinat,</strong></span> <span class='ocrx_word' id='word_1_322' title='bbox 271 3756 366 3820; x_wconf 63' lang='lat' dir='ltr'><strong>aequat!</strong></span> <span class='ocrx_word' id='word_1_323' title='bbox 612 3769 668 3802; x_wconf 80' lang='lat' dir='ltr'><strong>war·</strong></span> <span class='ocrx_word' id='word_1_324' title='bbox 701 3753 792 3811; x_wconf 82' lang='lat' dir='ltr'><strong>Hence,</strong></span> <span class='ocrx_word' id='word_1_325' title='bbox 808 3753 898 3814; x_wconf 80' lang='lat' dir='ltr'><strong>lbouglr</strong></span> <span class='ocrx_word' id='word_1_326' title='bbox 910 3751 940 3795; x_wconf 85' lang='lat' dir='ltr'><strong>he</strong></span> <span class='ocrx_word' id='word_1_327' title='bbox 950 3762 1000 3794; x_wconf 88' lang='lat' dir='ltr'><strong>was</strong></span> <span class='ocrx_word' id='word_1_328' title='bbox 1009 3747 1123 3795; x_wconf 80' lang='lat' dir='ltr'><strong>foreurost</strong></span> 
     </span>
    </p>

    <p class='ocr_par' dir='ltr' id='par_1_24' title="bbox 71 3806 1124 3951">
     <span class='ocr_line' id='line_1_41' title="bbox 71 3806 1124 3887; baseline -0.018 -11"><span class='ocrx_word' id='word_1_329' title='bbox 71 3821 113 3859; x_wconf 58' lang='lat'><strong>⁸¹</strong></span> <span class='ocrx_word' id='word_1_330' title='bbox 135 3823 326 3887; x_wconf 72' lang='lat' dir='ltr'><strong>Vigoreoetotis]</strong></span> <span class='ocrx_word' id='word_1_331' title='bbox 344 3822 375 3871; x_wconf 88' lang='lat' dir='ltr'><strong>H.</strong></span> <span class='ocrx_word' id='word_1_332' title='bbox 386 3823 405 3882; x_wconf 90' lang='lat' dir='ltr'><strong>i,</strong></span> <span class='ocrx_word' id='word_1_333' title='bbox 416 3824 458 3870; x_wconf 77' lang='grc'><strong>53.</strong></span> <span class='ocrx_word' id='word_1_334' title='bbox 613 3818 638 3867; x_wconf 88' lang='lat' dir='ltr'><strong>in</strong></span> <span class='ocrx_word' id='word_1_335' title='bbox 657 3820 698 3867; x_wconf 88' lang='lat' dir='ltr'><strong>the</strong></span> <span class='ocrx_word' id='word_1_336' title='bbox 715 3819 780 3875; x_wconf 86' lang='lat' dir='ltr'><strong>field,</strong></span> <span class='ocrx_word' id='word_1_337' title='bbox 798 3818 830 3865; x_wconf 87' lang='lat' dir='ltr'><strong>he</strong></span> <span class='ocrx_word' id='word_1_338' title='bbox 845 3812 940 3864; x_wconf 88' lang='lat' dir='ltr'><strong>seemed</strong></span> <span class='ocrx_word' id='word_1_339' title='bbox 957 3821 983 3858; x_wconf 92' lang='lat' dir='ltr'><strong>to</strong></span> <span class='ocrx_word' id='word_1_340' title='bbox 999 3820 1038 3862; x_wconf 84' lang='lat' dir='ltr'><strong>act</strong></span> <span class='ocrx_word' id='word_1_341' title='bbox 1048 3806 1124 3860; x_wconf 85' lang='lat' dir='ltr'><strong>under</strong></span> 
     </span>
     <span class='ocr_line' id='line_1_42' title="bbox 99 3877 989 3951; baseline -0.016 -11"><span class='ocrx_word' id='word_1_342' title='bbox 99 3899 114 3924; x_wconf 71' lang='lat'><em>⁸</em></span> <span class='ocrx_word' id='word_1_343' title='bbox 131 3888 304 3951; x_wconf 81' lang='lat' dir='ltr'><strong>Iaoaijuoore]</strong></span> <span class='ocrx_word' id='word_1_344' title='bbox 321 3891 328 3916; x_wconf 88' lang='lat'>‘</span> <span class='ocrx_word' id='word_1_345' title='bbox 338 3887 417 3935; x_wconf 83' lang='lat' dir='ltr'><strong>Etiam</strong></span> <span class='ocrx_word' id='word_1_346' title='bbox 429 3885 511 3949; x_wconf 85' lang='lat' dir='ltr'><strong>specie</strong></span> <span class='ocrx_word' id='word_1_347' title='bbox 528 3883 579 3930; x_wconf 83' lang='lat' dir='ltr'><strong>ina·</strong></span> <span class='ocrx_word' id='word_1_348' title='bbox 612 3886 652 3934; x_wconf 81' lang='lat' dir='ltr'><strong>rba</strong></span> <span class='ocrx_word' id='word_1_349' title='bbox 662 3884 768 3950; x_wconf 83' lang='lat' dir='ltr'><strong>impulse</strong></span> <span class='ocrx_word' id='word_1_350' title='bbox 779 3883 806 3933; x_wconf 84' lang='lat' dir='ltr'><strong>ol</strong></span> <span class='ocrx_word' id='word_1_351' title='bbox 815 3880 852 3929; x_wconf 88' lang='lat' dir='ltr'><strong>his</strong></span> <span class='ocrx_word' id='word_1_352' title='bbox 862 3877 989 3946; x_wconf 72' lang='lat' dir='ltr'><strong>pertisum.</strong></span> 
     </span>
    </p>

    <p class='ocr_par' dir='ltr' id='par_1_25' title="bbox 64 3949 579 4021">
     <span class='ocr_line' id='line_1_43' title="bbox 64 3949 579 4021; baseline -0.023 -12"><span class='ocrx_word' id='word_1_353' title='bbox 64 3957 135 4021; x_wconf 64' lang='lat' dir='ltr'><strong>mum</strong></span> <span class='ocrx_word' id='word_1_354' title='bbox 146 3953 257 4014; x_wconf 80' lang='lat' dir='ltr'><strong>validus‚’</strong></span> <span class='ocrx_word' id='word_1_355' title='bbox 266 3967 293 4003; x_wconf 83' lang='lat' dir='ltr'><strong>as</strong></span> <span class='ocrx_word' id='word_1_356' title='bbox 303 3967 353 4002; x_wconf 85' lang='lat' dir='ltr'><strong>was</strong></span> <span class='ocrx_word' id='word_1_357' title='bbox 367 3953 420 4003; x_wconf 86' lang='lat' dir='ltr'><strong>said</strong></span> <span class='ocrx_word' id='word_1_358' title='bbox 431 3952 458 4000; x_wconf 80' lang='lat' dir='ltr'><strong>ut</strong></span> <span class='ocrx_word' id='word_1_359' title='bbox 472 3949 579 4016; x_wconf 83' lang='lat' dir='ltr'><strong>Corbulo</strong></span> 
     </span>
    </p>
   </div>
   <div class='ocr_carea' id='block_1_8' title="bbox 0 0 1271 4372">
    <p class='ocr_par' dir='ltr' id='par_1_26' title="bbox 0 0 1271 4372">
     <span class='ocr_line' id='line_1_44' title="bbox 0 0 1271 4372; baseline 0 0"><span class='ocrx_word' id='word_1_360' title='bbox 0 0 1271 4372; x_wconf 95' lang='lat' dir='ltr'><strong> </strong></span> 
     </span>
    </p>
   </div>
  </div>
 </body>
</html>
