2512 4372
158 193 225 259 192
408 212 538 261 rncrrr
563 213 774 262 nuunmun
800 213 876 261 mn.
901 210 967 257 xv.

158 328 256 392 honos
270 328 348 408 Soli,
361 331 412 394 oui
426 339 476 394 est
488 340 580 394 vetus
592 331 678 394 aedes
694 330 779 413 apud
793 327 950 402 Circum,d
965 327 995 389 iu
1013 346 1079 409 quo
1093 323 1212 388 saciuns

158 416 342 496 parabatur,
373 416 432 500 qni
459 417 583 481 occulta
610 416 838 500 conjurationis
869 414 999 477 numine
1026 412 1212 475 retexisset:

83 496 90 507 ’
159 510 262 583 utque
278 500 478 566 Circensium
494 502 697 566 Cerealium‘
717 502 875 565 ludicrum
897 499 1042 584 pluribus
1062 517 1212 579 equorum

159 586 303 650 cursibus
336 588 569 652 celebraretur:
607 589 722 651 mensis
758 608 886 672 quoque
918 584 1041 667 Aprilis
1078 583 1214 655 Neronis

158 684 403 754 cognomentum
420 676 581 757 acciperet
592 673 622 736 :s
642 674 796 755 templum
818 673 923 736 Saluti
940 678 1165 733 exstrueretur
1179 689 1213 731 eo

158 757 255 833 locis
283 780 325 821 ex
357 782 422 844 quo
451 762 607 825 Scevinus
637 760 757 822 serrum
789 767 976 843 promserat.
1036 755 1115 838 Ipse
1144 776 1213 817 enm

159 845 332 926 pugionem
364 847 447 929 apud
479 846 675 929 Capitolium
704 846 856 921 sacravit,
888 844 1114 928 inscripsitque
1144 841 1214 906 Jovi

159 928 301 995 Vindici.
349 932 389 995 In
424 954 562 1014 praesens
595 931 680 994 baud
711 931 990 1004 animadversum
1029 940 1103 1013 post
1132 949 1214 990 orma

159 1015 182 1090 J
186 1017 240 1078 ulii
257 1016 425 1082 Vindicis'l
444 1020 483 1080 ad
500 1017 677 1099 auspicium
692 1027 726 1081 et
745 1017 935 1100 praesagium
951 1017 1072 1079 futurae
1091 1014 1213 1077 ultionis

160 1102 357 1167 trahebatur.
404 1104 546 1186 Reperio
569 1104 602 1166 in
629 1103 863 1166 commentariis
887 1112 1029 1173 senatus
1057 1099 1213 1164 Cerialem

159 1187 323 1260 Anicium,
339 1191 499 1251 consulem
516 1191 729 1272 designatum,
745 1212 803 1272 pro
818 1188 979 1251 sententia
1000 1187 1134 1260 dixisse,
1159 1197 1166 1219 ‘
1183 1195 1212 1248 ut

160 1273 314 1355 templum
339 1276 413 1337 divo
442 1275 566 1338 Neroni
592 1298 688 1359 quam
713 1275 900 1338 maturrime
916 1274 1055 1358 >publica
1081 1273 1212 1354 pecunia

135 1360 352 1441 poneretur!
397 1359 491 1438 Quod
510 1362 639 1444 quidem
659 1361 713 1424 ille
733 1361 935 1435 decernebat,
954 1369 1118 1442 tamquam
1135 1380 1211 1422 mor·

159 1443 225 1506 tale
254 1445 416 1529 t'astigium
446 1469 586 1530 egresso,
615 1459 648 1510 et
676 1447 913 1512 venerationem
942 1446 1051 1509 Deum
1084 1445 1211 1509 merito:

159 1530 245 1612 quod
269 1532 309 1594 ad
332 1533 437 1595 omina
457 1535 558 1597 solum
581 1534 631 1596 sni
654 1533 762 1597 exitus
787 1541 985 1596 verteretur:
1010 1553 1084 1594 nam
1110 1532 1211 1595 Deum

159 1614 414 1764 3⁰¹¹.⁰¹.P‘⁵¹¹⁰ipl
427 1641 487 1683 noo
500 1630 573 1683 aute
589 1619 747 1700 habetur,·'
758 1641 852 1703 quam
865 1639 962 1703 agere
973 1619 1059 1682 iuter
1075 1618 1212 1681 homines

182 1713 300 1766 esrerrt.

160 1859 163 1862 Ι
190 1888 331 1949 dCircum]
352 1887 638 1936 Tuccam-Maximus.
703 1889 758 1935 that
775 1887 855 1936 divine
873 1887 960 1934 honoro
974 1901 1041 1935 were
1058 1895 1104 1934 not
1119 1886 1175 1950 paid
1191 1894 1211 1932 to

191 1966 202 1989 ³
220 1959 286 2004 Ctrc.
301 1955 369 2016 Cen]
387 1953 431 1999 See
444 1952 483 2000 ch.
494 1959 535 2002 53.
704 1953 752 1999 hirn
765 1953 788 1999 in
802 1955 841 1999 the
851 1952 899 2015 city
909 1951 990 1998 before
1002 1951 1041 1997 hio
1052 1952 1137 2000 ‹leattu
1155 1951 1212 1999 ‘rho

187 2020 204 2065 Ι
221 2016 444 2078 Neronis-uccip.]
479 2017 501 2063 lt
521 2031 572 2064 was
592 2015 669 2065 called
704 2018 770 2064 Nero
782 2032 829 2063 was
838 2017 913 2064 called
924 2015 980 2063 God
991 2016 1016 2062 in
1028 2017 1071 2064 tbe
1083 2017 1211 2079 provinces,

158 2087 297 2136 Neroneus.
330 2083 376 2128 Sec
388 2082 420 2129 A.
433 2081 485 2137 xvi,
497 2086 536 2131 12.
704 2097 804 2144 appears
819 2081 881 2128 from
896 2097 909 2126 a
924 2094 981 2144 very
993 2081 1062 2127 small
1082 2085 1148 2129 brom
1164 2082 1211 2129 coin

191 2159 206 2194 e
226 2153 260 2199 Eo
271 2145 328 2208 loci]
345 2147 390 2194 See
401 2145 440 2193 ch.
452 2151 492 2194 53.
703 2145 841 2194 mentioned
859 2148 890 2206 bp
909 2145 1029 2197 Hurdnin.
1046 2146 1140 2205 select.
1153 2147 1211 2208 Opp.

191 2215 250 2265 ld.
266 2211 385 2274 Vindicio]
414 2209 508 2256 Whob
541 2209 670 2258 lrisrebel·
703 2216 924 2274 praemonuit
944 2214 1209 2262 numiculator:

158 2280 208 2328 lion
220 2278 305 2326 caused
317 2276 358 2324 the
370 2275 443 2322 death
455 2274 484 2321 ol'
516 2291 567 2322 ero.
704 2284 710 2303 ⁴
726 2275 789 2322 Nero
802 2275 926 2336 Augustus
941 2290 954 2319 s
972 2273 1048 2334 podz’
1066 2278 1107 2322 tue
1125 2275 1211 2324 heedir

192 2345 200 2377 ⁶
215 2346 271 2392 Non
283 2338 416 2400 anteludia]
435 2338 502 2386 Huet
511 2355 582 2402 says:
601 2338 671 2386 ‘Fal-
703 2339 830 2388 decoroted
842 2341 900 2387 noth
912 2339 998 2388 lourel.
1032 2339 1075 2386 On
1088 2342 1131 2387 tiro
1143 2354 1210 2403 oppo-

157 2425 211 2459 euru
223 2409 248 2456 id
259 2407 404 2468 inAugusto
414 2404 637 2466 liquetexHorurio
646 2413 672 2451 et
704 2405 749 2452 site
774 2405 837 2458 side,
865 2409 987 2454 tonnloc
1014 2408 1210 2455 Anneonrnoc

78 2517 80 2522 .
159 2473 279 2521 Manilio)
311 2470 350 2517 He
372 2469 414 2515 did
432 2478 475 2515 not
492 2469 601 2516 consider
618 2468 671 2516 that
702 2475 874 2520 ΕΤΕΡΓΕΤΗΣ
898 2475 1090 2529 ΛΑΟΔΙΚΕΩΝ,
1117 2470 1210 2519 ‘Julius

158 2537 283 2601 Augustus
291 2551 341 2582 was
349 2531 427 2581 called
437 2532 493 2580 God
502 2534 534 2597 by
543 2535 584 2580 tire
594 2544 671 2596 poen,
703 2534 867 2590 Andronicus,
886 2534 1020 2583 benefic-cot
1040 2546 1067 2582 tc
1090 2534 1134 2584 the
1153 2535 1210 2584 Lao·

158 2603 206 2649 oud
217 2603 269 2648 thot
280 2602 309 2648 he
320 2598 368 2646 had
379 2599 451 2644 altaro
462 2598 508 2644 and
519 2597 603 2644 sacred
612 2597 671 2644 cites
703 2599 816 2648 diceens.’

156 2665 287 2716 dedicated
295 2673 321 2713 to
330 2663 414 2711 himin
424 2662 465 2710 tho
477 2663 600 2725 provinces
609 2678 616 2721 3
627 2662 671 2710 but
