2512 4372
51 210 118 259 sc.
134 194 206 278 62]
370 207 577 257 iesimon
603 207 675 257 urs.
701 207 767 257 xv.
1044 197 1110 263 145

94 329 204 395 dnEa
226 331 310 398 dum.
327 352 348 394 a
367 328 548 396 Corbulone
572 330 699 392 tueudae
725 328 828 412 Syriae
852 337 1014 413 parantur,
1036 341 1109 396 acto

52 418 173 502 raptim
192 416 319 502 agmine
342 417 504 490 Moneses,
524 424 561 478 ut
581 414 697 478 famam
720 416 769 478 sui
790 418 929 498 praeiret,
953 439 1014 481 non
1037 418 1109 483 ideo

53 494 211 568 nescium
225 514 282 568 aut
310 504 474 567 incautum
500 501 662 586 Tigranen
689 501 832 565 offendit.
887 501 1110 588 Occupaverat

53 591 296 675 Tigranocerta,
327 591 437 653 urbem
471 589 562 673 copia
593 588 795 651 defensorum
826 598 859 651 et
888 591 1110 673 magnitudine

55 676 243 740 moenium*
266 675 415 739 validum.
461 675 514 738 Ad
541 675 609 737 hese
630 673 856 758 Nicephorius,
879 677 1002 740 amnis*
1025 679 1111 741 hand

56 764 237 848 spernenda
261 763 444 839 latitudine,
470 774 594 846 partem
620 781 781 825 murorum
807 761 924 826 ambit:
956 771 990 826 et
1012 765 1112 829 dueta

56 850 171 934 ingens
190 851 367 934 fossaque
386 848 484 911 fluvio
504 847 747 911 diffidebatnrz⁰
772 847 961 933 inerantque
983 851 1109 926 milites,

57 945 91 1000 et
106 930 229 1021 provisi
242 942 316 999 ante
332 942 546 1008 commeatus:
565 955 698 1016 quorum
712 934 868 997 subvectu
883 935 977 1020 pauci
988 936 1111 1001 avidius

58 1023 230 1107 progressi,
252 1031 287 1087 et
309 1022 482 1105 repentinis
511 1020 653 1083 hostibus
679 1021 898 1101 circumventi,
925 1022 974 1085 ira
998 1025 1110 1106 magis,

36 1131 155 1192 cuam
180 1117 280 1189 metu,
304 1117 427 1171 eeteros
451 1107 672 1171 accenderant.
719 1104 785 1171 Sed
808 1105 929 1171 Partho
953 1108 994 1170 ad
1019 1131 1110 1173 exse·

59 1196 205 1279 quendas
224 1195 400 1259 obsidiones
421 1194 508 1257 nulla
528 1194 669 1257 cominus
690 1193 842 1257 audacia:
864 1195 944 1258 reris
961 1195 1111 1278 sagittis?

61 1304 167 1367 neque
194 1281 317 1346 clausos
345 1288 498 1360 exterret,
526 1287 560 1343 et
585 1286 686 1343 semet
712 1280 894 1344 frustratur.
939 1279 1110 1362 Adiabeni,

60 1390 133 1434 cum
155 1388 342 1451 promovere
361 1367 463 1430 scalas
480 1374 514 1429 et
534 1365 787 1430 machinamenta
809 1367 995 1451 inciperent,
1018 1368 1112 1433 facile

61 1453 197 1531 detrusi,
213 1475 299 1530 mox,
317 1453 555 1538 erumpentibus
571 1452 697 1527 nostris,
714 1453 892 1516 caeduntur.

103 1542 137 1607 5.
163 1540 303 1604 Corbulo
318 1547 437 1615 tamen,
460 1539 604 1623 quamvis
624 1539 773 1602 secundis
795 1540 888 1603 rebus
909 1540 983 1614 suis,
1006 1542 1113 1606 mode·

60 1628 197 1692 randum
212 1627 347 1691 fortunae
362 1635 463 1700 ratus,
480 1627 565 1689 misit
587 1627 628 1689 ad
645 1623 838 1709 Vologesen,
855 1625 911 1709 qui
929 1630 1115 1710 expostula·

61 1722 133 1778 rent
157 1713 241 1777 ‘vim
264 1713 435 1798 provinciae
458 1713 607 1776 inlatam:
629 1714 750 1775 socium
772 1713 972 1796 amicumque
992 1736 1112 1797 regem,

62 1801 209 1864 cohortes
226 1801 389 1867 Romanas
411 1798 647 1863 circumsideri:
670 1799 830 1862 omitteret
854 1799 959 1882 potins
979 1800 1115 1864 obsidio-

58 1908 147 1961 nem,
160 1894 217 1951 aut
231 1908 265 1949 se
280 1908 408 1970 quoque
424 1887 455 1949 in
473 1907 550 1970 agro
566 1884 672 1949 hostili
687 1894 792 1949 castra
806 1886 1006 1968 positurum?
1035 1886 1113 1951 Cas-

62 1975 184 2057 perius,
206 1974 360 2048 centurio,
381 1974 412 2037 iu
437 1993 507 2035 eam
531 1971 722 2055 legationem
742 1971 894 2045 delectus,
917 1974 1001 2056 apud
1025 1975 1113 2058 oppi-

62 2061 139 2126 dum
156 2058 312 2135 Nisibin!
326 2072 447 2144 septem
463 2070 497 2122 et
512 2059 643 2143 triginta
653 2058 792 2122 millibus
807 2081 954 2142 passuum
971 2058 1115 2143 aTigra·

62 2156 193 2211 nocerta
208 2147 390 2222 distantem,
403 2145 483 2209 adiit
494 2167 613 2230 regem,
627 2154 660 2207 et
674 2146 823 2209 mandata
838 2146 987 2208 ferociter
1002 2145 1113 2212 edidit.

63 2233 217 2317 Vologesi
239 2242 330 2296 vetus
349 2242 383 2296 et
403 2233 529 2317 penitus
549 2232 683 2296 infixum
703 2240 783 2307 erat,
806 2253 892 2294 arma
908 2230 1053 2296 Romano
1067 2235 1116 2296 vi-

63 2322 168 2385 tandi:
190 2340 250 2383 nec
265 2321 435 2403 praesentia
450 2340 599 2402 prospere
614 2319 770 2383 fluebant:
796 2317 925 2380 inritum
942 2318 1114 2383 obsidium:

18 2462 26 2487 Ι
62 2415 153 2470 tutus
166 2428 260 2470 mann
274 2416 307 2470 et
320 2407 437 2490 copiis'
449 2405 603 2490 Tigranes
616 2429 623 2468 ε
647 2404 762 2488 fugati,
775 2403 830 2488 qui
845 2405 1114 2488 expugnationem

63 2502 261 2558 sumserent:
277 2492 380 2555 misses
392 2493 424 2554 in
437 2491 618 2555 Armeniam
637 2491 794 2572 legiones:
810 2499 843 2553 et
855 2491 925 2554 aliae
940 2513 997 2574 pro
1011 2491 1113 2575 Syria,

64 2591 184 2664 paratae
209 2578 294 2642 ultro
316 2578 516 2662 inrumpere:
544 2579 602 2641 sibi
625 2577 815 2641 imbecillum
841 2579 983 2662 equitem
1006 2580 1115 2661 pabuli

63 2666 190 2749 inopia:
221 2687 293 2728 nam
319 2675 432 2728 exorta
456 2666 503 2728 vis
529 2665 722 2728 locustarum
749 2665 932 2728 ambederat
957 2665 1115 2750 quidquid

65 2752 233 2821 herbidum
256 2761 312 2815 aut
334 2752 530 2815 frondosum.
577 2750 694 2836 Igitur,
712 2762 800 2815 metu
816 2753 972 2827 abstruso,
989 2753 1117 2818 mitiora

63 2965 110 3016 and
119 2965 179 3012 such
189 2963 272 3024 rivers,
279 2978 305 3010 as
314 2962 346 3010 he
355 2962 425 3011 could
433 2969 477 3009 not
485 2961 574 3008 defend
606 2976 668 3009 nere
679 2960 793 3023 powerlul
806 2962 829 3008 in
841 2961 967 3009 theoseos
974 2963 1016 3010 the
1028 2980 1114 3012 acron:

65 3031 122 3079 with
134 3029 232 3084 castles,
243 3030 273 3074 he
284 3028 385 3077 blocked
397 3042 427 3090 up
436 3027 493 3077 with
505 3026 574 3075 sand.
606 3026 650 3072 but
660 3027 719 3089 they
731 3026 822 3073 seldcm
833 3026 891 3073 used
901 3027 921 3073 it
932 3029 1024 3090 against
1034 3039 1116 3094 troops

64 3094 125 3143 Hos
137 3092 250 3142 destitute
261 3092 309 3140 this
318 3093 397 3140 whole
414 3094 497 3155 region
515 3096 535 3137 is
551 3091 578 3139 oi
606 3091 721 3154 besieged
733 3092 814 3137 within
825 3093 901 3138 walls.

65 3167 147 3216 water,
154 3158 238 3206 isnell
247 3159 335 3205 lrnown
343 3157 403 3206 from
412 3158 469 3206 both
478 3158 576 3207 ancient
639 3164 650 3197 t
669 3158 730 3218 Opp.
742 3153 853 3216 Nisibin]
878 3157 899 3203 Α
917 3165 981 3204 town
998 3156 1025 3205 oi
1040 3157 1115 3206 Adis-

60 3224 114 3273 ·and
125 3223 224 3272 modern
235 3224 365 3271 ussellers.
606 3221 669 3267 bene
679 3221 706 3267 in
717 3220 899 3283 Mesopotamia,
912 3223 959 3270 and
974 3223 1021 3270 still
1036 3225 1115 3272 called

98 3296 118 3322 ¹⁸
134 3290 169 3338 Et
193 3289 356 3349 magnitudine
376 3287 496 3348 messium]
534 3286 575 3334 Ti·
608 3287 713 3334 Nesseis.
747 3285 812 3332 Plin.
831 3284 863 3340 vi,
884 3291 922 3337 1³.
955 3288 1115 3351 ‘Antiochia,

66 3368 153 3417 graues
162 3353 224 3400 built
233 3354 283 3403 this
294 3355 361 3416 roysl
372 3351 522 3416 cityslittle
533 3353 576 3400 be·
608 3365 677 3412 quum
695 3348 790 3398 Nisibin
807 3360 902 3400 vocant.
937 3352 1015 3400 Abest
1027 3354 1057 3399 sb
1069 3354 1115 3401 Ar·

66 3420 116 3467 lore
143 3419 186 3466 the
207 3417 357 3466 Mithridatis
379 3433 434 3472 wer,
455 3417 501 3463 and
524 3433 576 3465 sur·
608 3416 696 3462 taxatis
708 3430 782 3462 nccn.
793 3431 821 3462 ss.
833 3417 963 3478 passuum'
983 3419 1012 3466 In
1023 3418 1116 3481 essign-

65 3482 175 3531 rounded
185 3483 207 3530 it
214 3484 271 3529 with
280 3483 346 3530 walls
354 3482 409 3546 fifty
416 3481 495 3529 cubits
505 3481 574 3546 high:
607 3481 649 3542 ing
666 3479 713 3526 this
729 3479 859 3528 distancel
874 3482 978 3544 imagine
995 3485 1034 3530 the
1051 3493 1116 3530 trau-

66 3550 135 3612 App.
148 3548 213 3596 Bell.
225 3547 309 3595 Mithr.
321 3563 346 3609 p.
357 3551 414 3595 228.
608 3546 709 3592 scribers
718 3554 783 3592 must
799 3550 858 3592 have
874 3546 935 3594 been
946 3547 972 3594 in
984 3563 1057 3603 error,
1068 3549 1116 3596 und

99 3621 113 3645 ¹
132 3613 190 3661 Nic.
200 3612 292 3676 ,umnisJ
314 3611 338 3658 lt
347 3611 411 3658 flows
422 3611 472 3658 into
483 3612 524 3658 the
535 3609 576 3657 Ti·
608 3611 662 3657 that
672 3626 709 3656 we
720 3609 804 3657 should
814 3609 871 3657 read
882 3626 953 3660 cccc.
964 3629 993 3660 us.
1001 3628 1067 3676 poss.

64 3678 123 3740 gris.
141 3672 275 3725 D'Anrille
287 3677 366 3723 thinks
378 3677 396 3722 ir
406 3676 426 3722 is
436 3692 492 3723 now
500 3675 578 3724 called
641 3683 652 3707 r
670 3677 745 3724 Tutus
754 3691 787 3724 m.
799 3681 822 3724 et
833 3675 866 3737 c.]
891 3677 907 3722 i.
919 3692 941 3724 e.
958 3683 967 3704 ¹
978 3677 1002 3724 vi
1013 3677 1116 3724 militum

65 3741 192 3797 Kbsbosr,
203 3744 249 3788 end
266 3740 320 3794 thet
328 3741 498 3804 Tigranocerta
507 3741 527 3788 is
538 3740 577 3787 the
610 3748 633 3787 ct
642 3738 833 3788 commeatuum!
852 3741 933 3802 Copia:
940 3741 961 3788 is
969 3743 1026 3788 used
1034 3741 1060 3787 in
1069 3742 1118 3789 this

66 3806 263 3856 townofSered.
610 3821 677 3852 sense
689 3807 727 3853 ch.
741 3809 779 3853 16.
806 3804 913 3868 Murphy
925 3805 1118 3853 welltrsnslstes

99 3879 110 3904 ⁰
132 3872 170 3920 Fi.
182 3869 345 3937 diffidebotur]
366 3869 475 3917 Because
491 3868 511 3917 it
527 3884 579 3916 was
609 3869 643 3916 it:
669 3872 785 3930 Tigranes
801 3872 920 3932 possessed
938 3886 952 3917 u
970 3871 1118 3931 stronghold,

64 3945 108 3984 not
121 3936 186 3999 deep
195 3935 291 3998 enough
302 3935 329 3982 in
338 3936 407 3983 those
417 3935 507 3997 places.
609 3936 663 3984 well
681 3936 831 3995 garriones,
852 3937 900 3983 ond
924 3935 1037 3998 provided
1058 3935 1119 3984 scitis

96 4009 112 4044 s
134 4000 211 4049 nerse
230 3999 343 4067 sagittis]
376 3998 428 4048 The
450 3999 579 4048 Parthicos
611 4001 686 4063 ample
695 4000 805 4063 supplies.

134 4081 190 4132 Tse.
464 4125 471 4142 ,
575 4079 612 4130 ΙΙ.
1033 4079 1064 4131 N
