2512 4372
66 219 135 291 se
149 223 223 310 dt]
250 250 279 291 ·,
386 232 784 290 Αυκλιῐυκάιήυνκν.
1053 217 1123 293 168

64 370 220 436 ‘sumtus-r
247 358 363 429 deinde
386 359 500 442 optimi
524 358 682 443 cujusque
697 358 997 424 criminationem
1017 354 1120 446 usqlte

66 447 183 521 valuit,
199 455 238 511 ut
251 447 365 531 gratia,
382 447 540 529 pecnnia,‘
559 447 975 511 utnosenuiuuammrlos
992 442 1121 535 praemi-

69 542 173 596 nerei.
999 536 1108 581 ’.ΜΛΝ

107 617 181 682 θῶ
193 615 276 700 Ejus
300 638 414 680 manns
434 616 656 701 frequentanti
682 615 805 680 Neroni
821 635 868 681 'ne
887 618 990 682 'interff
1010 614 1119 705 vblirp·
1214 692 1216 698 ¹

67 703 299 788 tates-quidem
311 720 333 767 a
347 703 520 767 sceleribus
534 705 736 767 cessabatur:
781 703 893 767 iisdem
917 706 1044 789 qnippe·
1055 706 1120 772 illis

66 791 184 855 diebus
197 791 382 872 Torquatus
396 785 525 854 Sila‘nus
539 791 619 853 mori
632 790 785 872 adigitur,¹
799 792 884 874 qnia,
902 809 1000 875 super
1011 792 1119 858 Junite

67 877 203 940 fauiliee
226 876 459 950 claritudinem,
476 876 585 939 divum
600 874 964 981 Augtptum-abavum‘
979 878 1118 944 terebat

67 963 160 1028 Jussi
186 973 385 1026 accusatores
409 962 556 1046 objicere,
582 964 776 1047 ‘prodrgum
801 963 1020 1048 largitionibus
1034 960 1120 1040 γηθ-

67 1071 132 1132 qne
148 1041 244 1113 aliam
259 1070 348 1132 spem
371 1068 466 1133 qnam
482 1049 514 1111 in
529 1049 619 1112 noris
634 1051 728 1113 rebus
743 1070 836 1113 esse:
860 1051 1120 1135 quin-necigno-

50 1136 149 1200 biles
172 1135 314 1209 babere?
335 1157 415 1220 qnos
437 1136 477 1198 ab
500 1136 654 1219 epistolis,
680 1144 714 1198 et
735 1136 863 1217 libellis,
887 1145 921 1201 et
944 1138 1119 1202 rationibus

68 1221 221 1306 appellet,
251 1222 379 1287 nomina
407 1241 537 1285 summae
568 1243 654 1285 onrre
682 1231 717 1285 et
745 1224 990 1289 meditamenta.’
1023 1224 1120 1291 *Tum

67 1309 201 1374 intimus
226 1309 363 1392 quisque
388 1308 572 1372 libertorum
601 1307 700 1371 vincti
730 1309 939 1393 abreptiquei
980 1319 1018 1374 'et
1036 1315 1119 1376 ems

65 1395 232 1460 damnatio
246 1396 389 1473 instaret,
407 1394 607 1458 brachiorum
623 1415 718 1458 venas
732 1395 914 1480 Torquatus
928 1397 1118 1479 interscidit

66 1490 247 1566 secutaque
271 1480 412 1545 Neronis
435 1481 536 1544 oratio
550 1502 593 1544 ex
617 1502 723 1544 more:
749 1486 758 1516 ‘
776 1481 933 1560 Quamvis
948 1493 1069 1548 sontem
1085 1494 1120 1550 et

65 1569 248 1632 defensioni
271 1567 384 1631 merito
406 1566 555 1644 diffisum,
579 1567 736 1631 victurum
760 1576 866 1634 tamen
889 1569 996 1645 luisse,
1013 1572 1040 1633 si
1055 1572 1119 1636 cle·

66 1654 351 1738 mentiam‘judicis
366 1654 588 1738 expectasset!
1075 1651 1090 1699 -’

108 1741 165 1806 36.
191 1739 266 1804 Nec
280 1740 380 1804 multo
398 1747 480 1824 post,
505 1741 619 1803 omissa
640 1739 672 1802 in
693 1760 833 1823 praesens
849 1738 982 1812 Achaia,
998 1748 1117 1820 (censae

67 1827 102 1890 in
128 1827 254 1891 incerto
282 1827 389 1904 tuere)
423 1826 546 1891 Urbem
574 1825 686 1890 revisit
701 1850 710 1901 ς
726 1862 728 1867 -
746 1828 925 1910 provincias
963 1828 1116 1906 Orientis,

65 1915 208 1978 maxime
222 1914 412 1998 AEgyptnm,
429 1915 558 1977 secretis
579 1913 856 1996 imaginationibus
872 1916 1005 1998 agitans
1051 1916 1118 1981 De

67 2000 141 2064 bino
170 2001 278 2064 edicto
295 2000 507 2077 ¹testificatus,
535 2009 622 2063 ‘non
647 1999 772 2084 longam
797 2001 846 2064 sui
869 2004 1058 2082 absentiam,
1084 2014 1118 2068 et

66 2094 185 2151 cuncta
211 2089 244 2150 in
269 2087 431 2171 republica
455 2087 585 2169 perinde
608 2087 739 2150 immota
763 2109 800 2151 ac
825 2100 976 2172 prospera
1005 2088 1076 2153 scre
1089 2092 1118 2169 3?

40 2192 164 2256 ,snper
191 2195 231 2237 ea
256 2173 452 2256 profectione
478 2174 559 2237 adiit
589 2171 796 2256 Capitolium.
841 2174 914 2237 lllic
946 2187 1118 2242 veneratus

68 2258 169 2334 Dece,
182 2281 256 2323 oum
266 2258 377 2322 Vestae
393 2280 522 2344 quoque
536 2259 689 2342 templum
705 2260 825 2334 inisset,
839 2266 968 2344 repenle
988 2275 1118 2327 cunctos

63 2349 123 2428 'per
145 2355 235 2410 artus
258 2353 406 2419 tremens,
423 2367 479 2409 seu
503 2345 631 2409 numine
648 2354 846 2424 exterrente,
863 2368 920 2410 sen
939 2347 1118 2413 facinorum

65 2432 288 2496 recordatione
303 2452 479 2516 numquam
495 2434 607 2497 timore
623 2453 754 2508 vacuus,
770 2433 910 2496 desernit
931 2434 1120 2518 inceptum?
1197 2477 1199 2480 ⁴

65 2522 226 2582 ‘cunctas
255 2518 314 2581 sibi
343 2541 435 2583 curas
465 2541 572 2583 amore
602 2518 713 2602 patriae
752 2518 906 2583 leviores'
955 2521 1117 2586 dictitans.

65 2604 226 2669 ‘Vidisse
254 2614 385 2669 moestos
414 2607 532 2669 civium
557 2605 678 2684 vultus,
703 2606 814 2669 andire
840 2615 978 2672 secretas
1012 2610 1117 2692 queri-

65 2691 201 2766 monias,
217 2693 304 2776 quod
319 2700 444 2755 tantum
464 2693 608 2756 aditurus
633 2701 718 2756 esset
743 2693 817 2773 iter,
843 2693 996 2777 cujusne
1016 2696 1118 2760 modi·

66 2798 121 2841 cos
143 2778 274 2863 quidem
303 2800 449 2863 egressus
479 2779 660 2852 tolerarent,
684 2777 769 2843 sueti
791 2780 961 2844 adversum
984 2780 1118 2847 fortuita

65 2873 201 2948 aspectu
217 2864 377 2949 Principis
392 2865 539 2931 refoveri.
578 2865 679 2950 Ergo,
696 2874 732 2929 nt
746 2865 779 2931 in
794 2867 926 2951 privatis
945 2871 1119 2934 necessitu-

96 3101 106 3132 ‘
123 3099 224 3155 Gratia,
240 3097 304 3162 pec]
319 3097 388 3147 From
406 3097 454 3146 thie
469 3098 581 3162 insolent·
608 3098 644 3146 bis
661 3097 809 3155 secretaries,
824 3109 989 3160 accountants,
1000 3107 1047 3154 sud
1059 3118 1120 3157 tres.
1154 3157 1159 3167 ·

63 3164 108 3212 but
128 3164 227 3215 married
246 3179 300 3212 men
321 3164 411 3212 certain
434 3179 492 3228 oups
514 3179 576 3212 were
608 3178 694 3214 snrers.
725 3164 784 3212 This
803 3165 825 3212 is
844 3179 858 3213 a
879 3167 941 3230 good
960 3173 1118 3233 expression:

63 3229 143 3279 callen
154 3230 279 3287 Vatininn,
289 3229 368 3278 which
379 3230 427 3277 had
440 3228 576 3277 lcurbealrs
609 3229 724 3276 ‘nomina
734 3244 832 3278 summe
846 3245 909 3280 cure
925 3239 950 3280 et
965 3237 1121 3286 meditamen-

63 3309 182 3343 ornoses.
209 3294 319 3350 Juvenal,
331 3312 354 3351 v,
365 3299 407 3344 46.
429 3294 575 3342 ‘TnBene-
608 3292 652 3348 ta,'
662 3294 679 3342 i.
688 3294 876 3358 sacerrimum
886 3312 983 3348 summe
1002 3317 1067 3352 cure
1076 3316 1121 3352 no.

63 3360 163 3409 centuni
181 3358 269 3407 sutoris
285 3375 372 3408 nomen
389 3359 513 3406 habentem
525 3356 576 3407 Sic·
610 3360 681 3414 mina,
693 3367 719 3406 et
729 3359 822 3422 imperii
832 3360 1021 3414 meditamenta?

63 3425 131 3473 cabis
141 3425 241 3473 calicem
254 3422 491 3488 nasorumqu'nruor.’
510 3424 576 3472 Mur·
640 3431 653 3455 ³¹
670 3425 784 3475 Deseruit
802 3427 935 3494 inceptum]
968 3429 1036 3481 Suet.
1060 3429 1120 3481 Ner.
1201 3427 1204 3432 ’

62 3489 115 3546 tial,
134 3491 186 3545 xiv,
205 3493 246 3537 96.
279 3489 363 3538 ‘Vilia
382 3490 468 3537 sutoris
489 3489 577 3536 calices
609 3492 649 3537 lo.
691 3488 919 3554 ‘Peregrinationes
940 3494 1000 3544 dues
1021 3499 1120 3545 omnino

62 3561 221 3603 momenta
231 3555 314 3602 Vatini
324 3553 431 3617 Accipe:
449 3553 491 3601 sed
502 3568 576 3602 nasus
608 3553 723 3616 suscepit,
736 3554 922 3606 Alexandrinam
938 3567 964 3607 et
975 3560 1121 3611 Achaicamr

62 3619 157 3682 longior
167 3619 210 3668 ille
221 3617 285 3668 luit!
309 3617 422 3667 Hisnose
433 3620 577 3680 wuslongar
608 3619 651 3666 sed
664 3618 893 3686 Alexandrinaipso
909 3624 1064 3686 protectionis
1080 3627 1120 3674 dle

62 3683 205 3733 tbnatltcse
222 3683 250 3731 ot
267 3683 309 3733 the
325 3699 394 3747 cups,
412 3699 438 3731 as
456 3685 485 3730 lie
503 3699 531 3730 er
609 3684 711 3742 destitit,
734 3687 840 3734 turbatos
859 3686 975 3750 religione
996 3689 1067 3738 amul
1091 3707 1120 3739 aa

62 3750 146 3799 ubere
157 3750 256 3798 scented
267 3753 308 3798 ont
319 3747 424 3798 offences
432 3747 479 3796 sud
486 3698 578 3796 offelli:
608 3749 732 3812 periculos
752 3766 807 3800 nam
821 3751 925 3801 circuitis
943 3755 1049 3819 templis,
1066 3771 1119 3804 enm

62 3830 113 3863 ere,
137 3826 141 3841 ²
609 3815 634 3862 in
653 3815 704 3863 ede
716 3815 800 3864 Veste
813 3817 951 3871 resedisset,
968 3821 1121 3883 consurgenti

98 3877 196 3941 *Aean
205 3877 317 3941 adenem]
333 3877 426 3928 Seesr.
437 3876 465 3927 C.
477 3881 520 3926 61.
610 3877 633 3925 ei
660 3880 762 3942 primum
784 3879 873 3929 lacinio
892 3881 1007 3929 obhaesit:
1033 3884 1121 3933 deinde

97 3943 323 4008 nonantulae]
341 3941 470 4005 Hemoda,
486 3949 531 3989 not
543 3942 579 4005 ig·
610 3951 677 3991 tants
692 3945 777 3999 oborto
796 3945 874 4009 caligo
892 3953 939 4010 est,
957 3955 988 3995 ut
1001 3946 1120 4013 dispicere

63 4009 139 4058 noble
155 4023 211 4058 men
229 4007 429 4065 audslnvos‚but
446 4007 579 4065 treedmen,
612 4008 784 4073 conposuere*
921 4034 925 4045 ι
964 4026 968 4049 ··
1016 4034 1053 4059 :a
1083 4032 1122 4062 (ι.
