2512 4372
48 181 246 274 r.c.69.]‘
363 207 777 258 summasunmna.
891 263 894 274 Α,
1032 195 1098 262 239

50 330 151 394 trium
173 329 288 393 milites
315 329 417 392 adorti
441 328 545 401 minis,
569 327 750 410 Longinum
770 328 913 393 manibus
939 340 1097 411 coercent,

50 426 303 500 exarmantque3
319 417 469 499 quianon
485 416 594 478 ordine
610 415 766 492 militiae,⁸
787 416 842 478 sed
858 437 876 478 e
893 415 1006 481 Galbae
1022 420 1099 482 ami-

51 505 111 575 cis,
137 502 216 567 lidus
244 502 384 585 Principi
407 523 474 575 suo,
502 511 535 564 et
559 501 806 564 desciscentibus
827 504 1001 586 suspectior
1018 513 1099 569 erat.

54 589 159 672 Legio
188 589 330 667 classica,
361 588 437 651 nihil
467 595 626 660 cunctata,
666 587 861 672 praetorianis
901 589 1096 674 adjungitur.

54 675 179 760 Illyrici
194 677 355 740 exercitus
375 673 468 736 electi
489 674 618 737 Celsum
640 673 764 736 infestis
786 674 877 756 pilis¹
900 678 1098 756 proturbant.

54 761 248 826 Germanica
262 761 380 825 vexilla
394 760 451 824 diu
466 768 618 823 notavere
629 760 660 834 :f
678 759 825 822 invalidis
844 759 948 824 adbuc
962 768 1099 848 corpori-

56 850 118 913 bus
133 857 167 912 et
181 849 313 932 placatis
329 847 450 919 animis,
475 848 561 930 quod
583 868 647 921 eos,
671 868 690 909 a
714 844 856 910 Nerone¹
870 844 1100 926 Alexandriam

56 935 270 1018 praemissos&
296 943 393 1017 atque
416 935 489 997 inde
512 955 620 996 rursus
644 933 738 1016 longa
760 934 962 1018 navigatione
986 958 1100 1020 aegros,

56 1023 246 1103 impensiore
261 1043 337 1084 cara
353 1019 458 1084 Galba
472 1020 648 1083 refovebat.
1103 1094 1106 1101 1

100 1108 154 1172 32.
178 1107 338 1172 Universa
357 1107 425 1190 jam
447 1107 534 1189 plebs
555 1106 708 1190 palatium
723 1105 884 1190 implebat,
895 1106 1009 1171 mixtis
1036 1130 1101 1172 ser-

48 1194 158 1270 ¹vitiis,
182 1204 216 1258 et
238 1195 361 1257 dissono
383 1194 528 1267 clamore,
554 1194 695 1256 ‘caedem
720 1193 856 1257 Othonis
876 1201 910 1257 et
924 1195 1101 1278 conjurato·

58 1302 131 1343 rum
142 1281 286 1344 exitium'
302 1281 509 1363 poscentium,
523 1287 558 1342 ut
575 1279 601 1342 si
614 1280 646 1341 in
659 1279 740 1342 circo
752 1303 788 1343 ac
804 1280 928 1344 theatro
940 1281 1101 1346 ludicrum

60 1367 190 1451 aliquod
215 1368 421 1451 postularent.
442 1413 446 1423 .
483 1365 601 1450 Neque
624 1366 686 1429 illis
707 1366 863 1450 judicium
885 1377 943 1430 aut
965 1369 1108 1444 veritas:

60 1455 181 1537 quippe
201 1455 313 1518 eodem
328 1453 380 1516 die
394 1453 519 1516 diversa
535 1453 602 1536 pari
616 1453 789 1516 certamine
804 1453 1028 1536 postulaturis:
1045 1456 1101 1519 sed
1179 1521 1181 1526 ,

11 1615 12 1619 ¹
60 1543 179 1603 tradito
209 1562 305 1615 more,
334 1561 554 1623 quemcunque
580 1538 761 1623 Principem
786 1539 947 1618 adulandi,
977 1540 1104 1606 licentia
1176 1554 1178 1560 '

60 1627 333 1699 acclamationum,
350 1635 383 1689 et
397 1625 510 1688 studiis
525 1625 679 1688 inanibus.
724 1625 858 1688 Interim
878 1625 1014 1690 Galbam
1029 1629 1103 1692 duae

61 1715 228 1778 sententiae
241 1714 442 1777 distinebant.
474 1711 568 1774 Titus
584 1710 708 1785 Vinius,
730 1712 936 1775 ‘manendum
952 1713 1035 1776 intra
1049 1717 1104 1778 do·

62 1821 161 1875 mum,
179 1801 364 1884 opponenda
384 1798 522 1873 servitia,
549 1798 717 1861 firmandos
741 1798 858 1874 aditus,
879 1820 941 1861 nou
964 1800 1104 1865 eundum

63 1886 102 1948 ad
125 1887 241 1962 iratos‚'
268 1887 433 1949 censebat:
467 1886 577 1948 ‘daret
600 1885 752 1947 malorum
776 1885 985 1968 poenitentiae,
1014 1883 1108 1950 daret'

65 1974 217 2036 bonorum
233 1972 397 2037 consensui
418 1972 573 2054 spatium:
597 1970 718 2035 scelera
730 1971 861 2054 impetu,
881 1973 960 2035 bona
976 1973 1106 2036 consilia

63 2081 152 2122 mora
168 2059 343 2123 valescere:
368 2060 506 2142 denique
530 2057 626 2122 eundi
647 2059 738 2130 ultro,
755 2058 781 2119 si
797 2059 876 2121 ratio
892 2059 944 2136 sit,
960 2060 1109 2122 eamdem

63 2167 140 2209 mox
155 2146 359 2210 facultatem:
383 2167 556 2230 regressus,
580 2146 607 2209 si
632 2144 799 2228 poeniteat,
822 2144 854 2206 in
877 2145 979 2208 aliena
1002 2155 1108 2228 potes-

64 2232 154 2296 tate’

107 2318 162 2384 33.
193 2318 456 2399 ‘Festinandum’
471 2317 586 2381 ceteris
609 2316 786 2388 ridebatur,
808 2320 1001 2400 ‘antequam
1024 2339 1107 2381 cres-

65 2414 154 2469 ceret
168 2404 306 2469 invalida
321 2405 423 2469 adhuc
443 2403 619 2488 conjuratio
635 2424 814 2485 paucorum.
860 2403 1107 2487 Trepidaturum

64 2493 164 2555 etiam
181 2491 351 2569 Othonem,
372 2493 426 2576 qui
440 2492 550 2555 furtim
566 2487 759 2573 digressus!
782 2492 822 2555 ad
837 2490 964 2573 ignaros
978 2490 1113 2564 inlatus,-

66 2578 268 2643 cun'cta'tione
296 2601 381 2642 nuno
406 2587 440 2642 et
468 2577 604 2662 segnitia
630 2577 801 2639 terentium
829 2585 966 2660 tempus,
991 2576 1108 2640 imitari

66 2665 251 2748 Principem
266 2666 379 2729 discat.
425 2663 499 2728 Non
515 2663 760 2746 expectandum,
782 2670 829 2736 ut,
846 2662 1025 2745 compositis
1041 2685 1109 2729 oas-

67 2753 136 2826 tris,
161 2752 263 2815 sorum
287 2752 428 2830 invadat,
454 2760 498 2830 et,
526 2758 747 2833 prospectante
774 2747 887 2821 Galba,
913 2747 1108 2833 Capitolium

67 2839 183 2902 adeat:
217 2838 292 2902 dum
321 2839 470 2924 egregius
499 2836 686 2921 Imperator,
718 2856 789 2899 cum
823 2835 957 2899 fortibus
989 2836 1108 2914 amicis,

74 3073 75 3076 Ἴ
99 3012 283 3077 attona-mit]
309 3014 347 3061 He
364 3014 412 3062 had
426 3014 488 3061 been
504 3012 573 3061 made
606 3020 631 3061 et
648 3028 731 3061 ornnes
748 3013 789 3076 qui
807 3021 982 3062 arcesserentur
992 3014 1111 3078 spreuisse

66 3080 163 3134 tribune
175 3087 217 3126 out
227 3079 254 3126 of
268 3081 304 3128 bis
314 3085 370 3126 turn
380 3079 410 3144 by
421 3078 463 3126 the
474 3080 539 3126 lavor
550 3077 577 3126 ol
606 3079 723 3134 nuntium,
740 3092 841 3142 excepta
852 3079 1044 3128 Germanicorum
1054 3096 1111 3128 rex·

68 3145 159 3198 Galba,
179 3144 281 3207 perhaps
300 3152 326 3191 at
346 3145 386 3190 the
408 3143 524 3191 dismissal
549 3142 577 3191 of
606 3142 720 3190 illatione.
737 3142 771 3190 Hi
782 3143 811 3190 ob
819 3159 904 3192 recens
916 3145 1035 3201 meritum,
1047 3145 1122 3209 qnod,

67 3210 129 3257 Ant.
138 3209 230 3256 Taurus
241 3208 287 3255 aud
297 3208 356 3256 Ant.
366 3209 446 3256 Naso:
460 3209 547 3257 ch.20.
605 3223 631 3255 se
649 3223 723 3270 agros
740 3217 765 3255 et
780 3209 899 3257 invalidos
914 3223 1058 3274 magnopere
1074 3212 1112 3258 lo·

101 3273 223 3333 ‘Infertis
230 3273 300 3336 pilia]
315 3273 574 3338 Veget.ii,16.‘Has·
607 3274 687 3330 visset,
708 3273 733 3319 in
754 3273 874 3334 auxilium,
887 3273 1044 3325 advolaverat
1067 3276 1111 3325 scd

66 3339 110 3387 tile
132 3341 223 3402 pedum
243 3339 347 3402 quinque
368 3347 393 3386 et
410 3339 489 3394 semis,
511 3340 573 3401 quod
606 3339 681 3386 serius
701 3338 785 3385 itinere
806 3337 876 3386 devio
895 3355 937 3404 per
956 3340 1111 3406 ignorantiam

68 3404 146 3467 pilum
163 3404 288 3458 vocabant,
305 3419 367 3453 nunc
385 3403 503 3466 spiculum
517 3403 575 3450 dici-
606 3404 708 3452 locorum
720 3401 848 3451 retardati!

68 3479 115 3545 tur,
123 3469 154 3516 ad
163 3469 229 3544 cqjus
236 3467 328 3531 jactum
335 3470 510 3545 exercebantur·
515 3484 575 3543 pra·
637 3477 652 3510 e
667 3467 740 3516 Alex.
749 3468 800 3579 ped]
810 3468 899 3544 ‘When
910 3469 975 3527 Nero
986 3471 1077 3546 wished
1087 3477 1112 3517 to

68 3535 467 3662 attttlttattttt‘ttt
481 3541 576 3647 tlt:
607 3531 1115 3662 :ttzittaltattttttttttttt

69 3671 137 3713 catos
146 3664 240 3726 equites
251 3678 315 3725 sape
325 3662 544 3712 transverberabat?
608 3664 653 3710 See
665 3663 730 3710 Suet.
741 3664 763 3711 N
767 3679 801 3711 er.
812 3669 851 3712 19.
1018 3691 1020 3694 ·

98 3727 116 3771 s
128 3729 182 3778 niu
197 3728 259 3791 aaa]
280 3729 316 3775 To
334 3731 374 3775 the
392 3729 454 3792 good
474 3727 534 3775 raith
553 3727 580 3775 oi
611 3752 615 3758 ·
642 3725 737 3776 *Fert
747 3729 824 3792 dign]
841 3729 905 3777 Otho
914 3734 976 3776 went
985 3727 1114 3792 bystealtb

69 3794 112 3842 the
130 3793 248 3842 Gennaes
267 3793 394 3858 testimony
413 3794 435 3840 is
457 3792 528 3840 borne
547 3793 578 3857 by
609 3793 670 3841 from
681 3794 719 3840 his
730 3795 822 3855 palaoe,
832 3794 879 3841 and
890 3809 939 3840 was
952 3791 1054 3853 brought
1064 3781 1116 3840 into⁵

70 3859 272 3908 Suetonium.
290 3857 378 3905 ‘Illum
393 3859 479 3904 mirum
495 3855 576 3903 admo·
608 3859 650 3906 the
668 3873 738 3920 camp
756 3859 783 3905 of
801 3858 842 3905 the
860 3857 984 3920 pretoriae
1008 3856 1115 3912 soldicrs,

71 3923 131 3971 dum
145 3923 227 3979 fuerit,
243 3937 322 3986 neque
336 3923 488 3985 presentium
498 3936 578 3985 quem·
610 3926 663 3970 who
674 3939 735 3970 were
746 3931 789 3972 not
801 3923 916 3987 prepared
927 3921 988 3970 with
999 3935 1047 3985 any
1057 3922 1115 3986 plau

69 3990 136 4054 piam
146 4004 219 4054 opem
229 3987 370 4052 Imperatori
381 3988 443 4036 terre
457 3995 578 4045 conatum,
611 3989 637 4037 ol
644 3988 733 4037 achon.
