2512 4372
55 209 128 276 ao.
144 199 213 288 aa]
378 219 649 297 msroamunpr
669 221 744 269 eru.
760 219 802 270 rr.
1050 205 1118 274 295

57 361 151 448 sylva
166 366 368 442 adhaerebat3
394 367 480 430 unde
499 387 609 430 rursus
625 366 696 431 ausi
719 364 947 449 promtissimos
970 366 1115 448 praetori·

56 472 195 515 anorum
220 454 367 537 equitum
393 452 605 516 interfecere:
630 453 817 517 vulneratur
835 473 894 516 rex
911 451 1117 539 Epiphanesg'

55 537 196 622 impigre
210 562 266 622 pro
282 539 411 610 Othone
427 560 567 623 pugnam
582 539 679 602 ciens.
1187 550 1191 556 ⁴

102 625 157 689 26.
181 627 267 690 Tum
295 625 497 690 Othonianus
524 626 622 709 pedes
650 625 779 709 erupit:
810 623 946 708 protrita
973 618 1113 692 hostium

57 712 141 787 acie,
157 713 243 776 versi
257 715 288 777 in
309 715 431 797 fugam,
448 712 544 775 etiam
559 713 616 795 qui
631 712 860 776 subveniebant
873 733 882 788 3
898 733 970 775 uam
983 711 1114 783 Caecina
1168 751 1171 756 ·

57 812 125 860 non
149 799 244 863 simul
266 800 421 875 cobortes,
447 800 503 862 sed
527 799 667 884 singulas
693 799 870 861 acciverat:
904 820 977 881 quae
1001 820 1053 864 res
1078 800 1113 864 iu

57 884 172 967 praelio
201 886 444 970 trepidationem
474 887 576 959 auxit,
600 905 672 948 cum
696 885 866 970 dispersos,
891 905 951 949 nec
974 892 1112 971 usquam

58 970 195 1052 validos,
223 995 323 1062 pavor
344 973 537 1057 fugientium
561 972 731 1057 abriperet.
777 969 860 1034 0rta
882 979 917 1034 et
942 973 975 1035 in
998 977 1137 1058 castris?

59 1057 189 1136 seditio,
207 1060 292 1144 quod
306 1081 371 1123 non
386 1058 526 1123 universi
540 1060 745 1122 ducerentur.
783 1057 924 1123 Vinctus
941 1061 1113 1142 praefectus

59 1156 249 1221 castrorum,
266 1145 375 1211 Julius
391 1144 524 1225 Gratus,
543 1154 723 1228 ‘tamquam
736 1144 840 1220 fratri,
854 1144 1112 1229 apudOtbonem

60 1231 224 1308 militanti,
241 1233 454 1316 proditionem
470 1243 580 1316 ageret
591 1232 608 1295 τ’
633 1254 705 1295 cum
728 1233 860 1295 fratrem
882 1232 963 1317 ejus,
985 1231 1009 1297 J
1012 1233 1112 1299 ulium

59 1315 269 1394 Frontonem,
286 1320 461 1398 tribunum,
478 1318 654 1382 Othoniani
670 1320 856 1383 subeodem
875 1319 1004 1382 crimine
1021 1320 1113 1386 vinx-

59 1405 172 1469 issent.
218 1404 373 1471 Ceterum
394 1427 433 1469 ea
456 1406 574 1490 ubique
596 1405 730 1468 formido
749 1406 816 1468 fuit
838 1406 1111 1491 apudsugientes,

58 1500 275 1566 occursantes,
301 1494 335 1556 in
361 1494 440 1568 acie,
465 1513 522 1574 pro
545 1490 710 1568 vallant,
736 1492 855 1555 ‘deleri
875 1514 947 1556 cum
964 1497 1112 1561 universo
1158 1517 1163 1530 ’

59 1579 210 1642 exercitu
240 1580 402 1645 Caecinam
428 1580 580 1662 potuisse,
607 1578 641 1641 ni
665 1576 839 1640 Suetonius
864 1576 1031 1644 Paullinus
1061 1604 1113 1646 re*

59 1667 172 1747 ceptui
186 1666 373 1740 cecinisset‚'
394 1666 540 1750 utrisque
561 1666 595 1727 in
618 1664 762 1748 partibus
777 1665 1004 1747 percrebuerit.
1036 1667 1112 1732 ‘Ta
1196 1687 1202 1696 ·

60 1752 182 1815 muisse
197 1752 258 1831 se,’
283 1752 450 1816 Paullinus
465 1751 598 1827 serebat,
624 1756 770 1815 ‘tantum
784 1751 914 1834 insuper
928 1751 1044 1816 laboris
1064 1764 1111 1819 at-

59 1860 128 1922 que
150 1839 284 1914 itineris,
300 1861 341 1903 ne
356 1839 552 1904 Vitellianus
573 1838 673 1910 miles,
698 1858 843 1901 recense
866 1838 988 1918 castris,
1011 1841 1113 1905 fessos

59 1926 304 2008 adgrederetur,
321 1935 355 1989 et
378 1925 531 2010 perculsis
553 1925 676 1988 nullum
696 1932 782 1988 retro
803 1923 979 1988 subsidium
1002 1927 1114 1991 foret?

58 2013 149 2095 apud
166 2034 283 2095 paucos
299 2034 337 2077 ea
352 2013 443 2076 ducis
458 2012 540 2076 ratio
556 2013 696 2095 probata,
714 2013 746 2075 in
764 2011 880 2096 vulgus
902 2013 1037 2077 adverso
1059 2023 1113 2078 ru-'

59 2108 151 2162 more
164 2096 239 2165 fnit.

104 2183 159 2249 27.
184 2185 283 2268 Haud
315 2185 444 2269 perinde
473 2185 506 2249 id
533 2185 683 2248 damnum
708 2183 900 2249 Vitellianos
929 2185 962 2248 in
989 2196 1112 2252 metum

59 2271 225 2354 compulit,
241 2293 339 2355 quam
355 2274 395 2335 ad
410 2273 599 2336 modestiam
614 2272 808 2354 composuit:
831 2293 889 2334 nec
907 2272 1008 2336 solum
1024 2276 1111 2357 apud

60 2357 238 2438 Caecinam,
255 2359 311 2443 qui
328 2360 473 2443 ‘culpam
492 2360 523 2422 in
548 2359 699 2422 militem’
720 2359 915 2431 conferebat,
942 2359 1112 2425 'seditioni

59 2447 163 2528 magis
189 2466 286 2530 quam
308 2447 419 2528 praelio
439 2455 585 2529 paratum
597 2446 615 2520 ς’
638 2444 732 2508 Fabii
747 2466 878 2528 quoque
894 2444 1042 2511 Valentis
1058 2446 1112 2512 coss

59 2532 137 2614 pire,
155 2533 240 2616 (jam
263 2534 347 2596 enim
368 2533 539 2596 'licinum‘
562 2538 708 2608 venerat)
737 2532 841 2613 posito
871 2532 1009 2596 bostium
1037 2556 1112 2598 con·

59 2627 176 2690 temtu,
207 2629 241 2682 et
269 2620 479 2703 recuperandi
507 2619 630 2683 decoris
661 2619 821 2700 cupidine,
848 2620 1048 2684 reverentius
1077 2629 1112 2686 et

59 2704 216 2788 aequalius
232 2707 308 2769 duci
330 2707 495 2790 parebant.
540 2704 658 2770 Gravis
680 2705 819 2789 alioquin
844 2705 959 2769 seditio
982 2729 1109 2771 exarse-

58 2801 123 2864 rat,
140 2813 234 2874 quam
250 2792 361 2856 altiore
376 2793 467 2856 initio
481 2797 599 2877 (neque
614 2792 698 2854 enim
717 2813 824 2855 rerum
846 2813 866 2856 a
888 2790 1019 2856 Caecina
1038 2815 1112 2877 ges·

58 2888 166 2941 tarum
182 2879 324 2943 ordinem
338 2879 526 2962 interrumpi
540 2885 740 2963 oportuerat)
755 2886 910 2962 repetam.
944 2880 1113 2945 ¹Cobortes

60 2963 270 3038 Batavorum,
283 2988 363 3049 quas
380 2966 462 3029 bello
480 2965 618 3029 Neronis
634 2986 653 3028 a
668 2966 907 3048 quartadecima
921 2965 1047 3050 legione
1061 2969 1108 3032 di-

58 3072 196 3134 gressas,
219 3074 293 3115 cum
321 3052 521 3117 Britanniam
544 3061 703 3136 peterent,
728 3052 837 3116 audito
862 3051 988 3116 Vitellii
1006 3064 1108 3130 motu,

58 3139 93 3199 in
116 3138 246 3201 civitate
269 3138 449 3223 Lingonum
466 3139 567 3203 Fabio
582 3138 717 3204 Valenti
731 3136 898 3223 adjunctas
914 3139 1112 3215 retulimus,l

57 3225 197 3306 superbe
211 3226 368 3309 agebant3
390 3235 427 3289 ut
441 3226 626 3311 cujusquam
648 3225 780 3310 legionis
800 3226 939 3288 tentoria
960 3230 1111 3294 accessis·

57 3321 144 3388 sent,
168 3314 341 3376 ‘coercitos
370 3335 389 3376 a
416 3335 450 3377 se
473 3313 780 3398 quartadecimanos,
814 3312 951 3376 ablatam
985 3312 1111 3380 Neroni

91 3486 175 3543 ⁵ch
193 3488 342 3553 Epiphanes]
369 3485 513 3553 Epiphanes
527 3501 571 3536 son
604 3494 685 3544 astar,
698 3487 774 3534 below
785 3502 815 3534 an
826 3490 930 3539 anchor:
947 3495 1111 3542 nommant·

55 3553 85 3601 oi
95 3550 231 3603 Antiochus
242 3555 289 3603 IV.
301 3557 352 3602 ntro
363 3569 412 3601 was
424 3554 520 3616 liugos
530 3556 570 3600 the
604 3558 679 3609 NnN,
692 3551 939 3618 ‘Commagenomm'
953 3556 1111 3605 Ontbeotber

56 3619 226 3682 Commageni,
246 3619 293 3668 aud
313 3620 336 3667 is
351 3620 417 3667 often
434 3619 573 3667 mentioned
604 3618 657 3665 side
674 3627 724 3665 two
744 3632 827 3684 young
849 3621 952 3681 princes,
974 3622 1059 3684 sltting
1079 3637 1110 3668 ou

56 3686 82 3731 in
99 3685 145 3730 *tbe
161 3685 270 3736 Annrls:
287 3685 319 3732 be
330 3700 377 3732 was
387 3681 428 3732 the
440 3685 537 3732 brothor
547 3683 575 3731 oi
603 3685 700 3730 borses:
717 3689 864 3734 aacmaac
875 3691 948 3744 ΤΙΟΙ,
962 3686 979 3731 i.
989 3700 1011 3734 e.
1029 3692 1037 3712 ⁴
1049 3688 1110 3748 repis

56 3749 200 3797 Callinicus.
230 3750 370 3812 Epiphanes
380 3749 427 3797 aud
439 3749 571 3826 (tallinicus
604 3746 663 3826 filij!
694 3747 834 3836 Epiphanes
851 3751 871 3799 ir
885 3751 989 3799 calleda
1005 3747 1110 3814 iriam

55 3814 326 3943 mahthilt?
343 3815 496 3926 ltalia
509 3814 570 3925 ti:
601 3814 788 3944 “latitat
798 3830 887 3929 th..

56 3943 185 3992 duillesda
194 3943 298 4008 Rois‚p.
306 3949 361 3993 lat.
377 3944 509 3992 lualrurel
518 3953 569 3992 tres
633 3943 640 3977 l
661 3945 806 4008 lietutlmus]
824 3943 857 3990 H.
867 3945 886 3999 i,
897 3947 937 3992 6⁹.
948 3947 990 3992 bt.

55 4011 166 4072 tngo-r
174 4010 570 4074 termiuadngiuadsh3aboreir
634 4016 654 4042 ¹·
674 4011 708 4059 Ut
719 4007 842 4072 arduaque]
863 4008 906 4065 Ut,
916 4008 964 4057 ise.
978 4008 1055 4061 uben.
