2512 4372
54 175 206 258 r.o.61.]
380 189 590 239 asaroton
616 189 690 237 nin.
715 187 797 236 xiv.
1053 173 1118 240 127

52 321 145 385 cunt,
170 310 302 396 injurias
325 333 398 374 suas
421 311 508 374 ultus
531 319 581 373 est
595 307 806 373 interfectori
832 307 912 393 quia
927 308 968 373 de
982 316 1119 393 paterna

51 398 213 480 pecunia*
250 407 461 480 transegerat,
499 406 556 460 aut
586 396 708 458 avitum
740 396 933 478 mancipium
964 396 1116 460 detrahe·

52 485 174 548 batur?
198 484 449 548 pronuntiemus
463 483 560 560 ultro,
577 482 741 545 dominum
752 481 828 565 juro
843 503 963 545 casum
977 482 1091 548 videri.

97 570 155 634 44.
179 569 302 633 ‘Libet
333 579 524 653 argumenta
549 569 739 651 conquirere
762 567 795 631 iu
818 589 857 631 eo
879 569 964 652 quod
987 569 1117 654 sapien·

53 655 192 720 tionibus
216 656 425 720 deliberatum
445 656 516 720 esti
549 653 615 718 Sed
638 664 673 718 et
694 655 721 718 si
743 675 828 717 nunc
851 657 988 736 primum
1011 667 1117 720 statu·

53 743 176 806 endum
200 743 398 816 haberemus,
416 742 587 805 creditisne
611 762 738 804 servum
760 740 974 804 interficiendi
996 742 1117 807 domini

54 830 197 892 animum
214 829 409 907 i'nsumsisse,
422 837 459 891 ut
474 851 536 892 non
553 850 616 892 vox
631 828 741 890 minax
757 827 945 890 excideretl
964 827 1043 891 nihil
1057 852 1117 914 per

55 918 275 979 temeritatem
288 914 551 1000 proloqueretur?
576 918 662 980 Sane
672 914 837 977 consilium
849 914 1002 989 occuluit,
1016 915 1115 979 tolum

54 1003 142 1065 inter
169 1003 297 1086 ignaros
328 1002 473 1086 pararit:
506 1023 582 1065 num
612 1001 764 1064 excubias
793 1002 952 1074 transiret,
979 1001 1118 1067 cubiculi

55 1090 143 1153 fores
158 1091 350 1163 recluderet,
367 1085 476 1151 himen
491 1088 634 1165 inferret,
657 1089 950 1172 caedempatraret,
971 1089 1117 1154 omnibus

15 1175 16 1179 ’
56 1175 196 1240 nesciis?
237 1174 344 1239 Multa
359 1174 487 1239 sceleris
502 1175 619 1238 indicia
633 1175 846 1258 praeveniunt.
892 1173 989 1238 Servi
1003 1176 1030 1238 si
1046 1197 1118 1259 pro·

57 1263 148 1340 dant,
180 1283 346 1344 possumus
375 1261 493 1345 singuli
521 1262 605 1325 inter
634 1260 752 1344 plnres,
779 1261 842 1325 tuti
870 1261 957 1324 inter
981 1263 1117 1338 anxios3

57 1358 232 1430 postremo,
260 1350 287 1412 si
316 1349 515 1431 pereundum
546 1348 598 1421 sit,
626 1369 687 1411 non
717 1348 811 1411 inulti
839 1348 925 1411 inter
953 1358 1116 1425 nocentes,

59 1456 166 1518 agere.
200 1437 360 1517 Suspecta
374 1435 549 1518 majoribus
564 1435 680 1499 nostris
695 1433 788 1498 suere
801 1435 930 1516 ingenia
942 1457 1117 1510 servorum,

58 1522 246 1590 etiamnum
262 1521 295 1584 in
312 1523 396 1605 agris
411 1532 469 1585 aut
484 1521 630 1585 domibus
655 1520 768 1584 iisdem
793 1530 1012 1597 nascerentur,
1037 1524 1120 1598 cari·

58 1617 228 1691 tatemque
250 1609 449 1672 dominorum
473 1609 580 1672 statim
603 1608 797 1690 acciperent.
843 1607 1020 1692 Postquam
1043 1632 1119 1673 vero

60 1695 206 1757 nationes
232 1693 265 1756 in
291 1694 437 1757 familiis'
466 1694 629 1767 habemus,
657 1694 774 1776 quibus
800 1694 919 1758 diversi
947 1696 1039 1777 ritus,
1062 1719 1119 1760 ex-

60 1789 151 1844 terna
165 1802 266 1857 sacra,
283 1790 339 1845 aut
354 1781 443 1844 nulla
458 1790 542 1860 sunt,
559 1781 728 1844 colluviem
750 1781 843 1843 istam
864 1803 926 1845 non
947 1781 1008 1846 uisi
1029 1793 1119 1849 metu

61 1868 250 1932 coercueris.
297 1869 345 1931 At
368 1868 499 1951 qnidam
525 1868 666 1931 insontes
692 1868 852 1950 peribunt.
901 1866 989 1931 Nam
1015 1879 1049 1933 et
1074 1891 1119 1935 ex

60 1952 129 2018 fuso
154 1954 313 2028 exercitu,
337 1975 412 2017 cum
435 1955 579 2018 decimus
603 1954 740 2038 quisque
764 1953 844 2018 fusti
867 1955 993 2032 feritur,
1018 1957 1117 2022 etiam

60 2041 181 2105 streuui
207 2041 398 2107 sortiuntur.
444 2039 557 2104 Habet
576 2041 698 2125 aliquid
721 2062 763 2104 ex
783 2039 894 2124 iniquo
914 2063 1008 2108 omne
1029 2065 1117 2128 mug-

60 2148 133 2190 unm
165 2127 364 2210 exemplum,
396 2127 482 2211 quod
513 2143 624 2191 contra
653 2127 795 2212 singulos
824 2129 964 2192 utilitate
991 2130 1119 2214 publica

61 2213 270 2299 rependitur)
822 2243 825 2250 ¹

100 2302 156 2365 45.
180 2301 359 2366 Sententiae
376 2299 491 2378 Cassii,
504 2310 542 2363 ut
554 2322 646 2364 nemo
662 2321 744 2364 unus
759 2299 929 2363 contraire
943 2322 1040 2370 ausus
1055 2311 1116 2376 est,

61 2385 105 2451 ita
127 2388 266 2450 dissonae
291 2409 383 2450 voces
405 2387 647 2470 respondebant,
674 2396 880 2464 ‘numerum,
896 2395 954 2450 aut
972 2396 1115 2468 aetatem,

61 2483 115 2537 unt
140 2493 266 2546 sexum,
288 2495 328 2539 ,ac
354 2473 560 2556 plurimorum
585 2472 746 2536 indubiam
769 2472 999 2536 innocentiam'
1022 2476 1119 2539 mise·

61 2561 210 2625 rantinm.
255 2560 435 2624 Praevaluit
450 2571 555 2624 tamen
572 2582 656 2644 pars,
669 2581 742 2643 quae
757 2558 949 2642 supplicium
966 2561 1118 2626 decerne·

63 2647 132 2712 bat:
157 2647 212 2710 scd
230 2647 443 2730 obtemperari
467 2669 528 2710 non
552 2655 686 2730 poterat,
703 2646 891 2729 conglobata
913 2648 1119 2731 multitudine

63 2742 168 2798 ‘saxa
190 2752 228 2795 ac
250 2734 357 2796 faces’
381 2734 557 2797 minitante.
601 2733 686 2796 Tum
703 2732 814 2796 Caesar
836 2734 988 2817 populum
1009 2736 1117 2801 edicto

63 2816 241 2904 increpuit;
262 2827 360 2902 atque
376 2842 469 2886 omne
483 2819 556 2894 iter,
570 2842 636 2904 quo
653 2820 793 2883 damnati
813 2821 854 2884 ad
876 2843 1005 2904 poenam
1020 2823 1116 2887 duce-

63 2906 191 2986 bantur,
206 2905 395 2970 militaribus
418 2907 575 2991 praesidiis
590 2907 699 2990 sepsit.
745 2905 923 2971 Censuerat
938 2907 1117 2993 Cingonius

63 2988 178 3073 Varro,
202 3002 240 3055 ut
262 2991 364 3056 liberti
389 3005 546 3080 quoquc·
566 2995 622 3076 qui
644 2994 704 3057 sub
726 2994 838 3057 eodem
862 3003 947 3059 tecto
968 2995 1115 3079 fuissent,

64 3073 160 3145 ltalia
182 3079 436 3162 deportarentur.
482 3079 522 3143 Id
540 3103 559 3144 a
576 3081 727 3164 Principe
748 3080 943 3163 prohibitum
964 3092 1027 3158 ost,
1050 3093 1116 3149 ‘ne

63 3185 127 3230 mos
143 3164 306 3249 antiquus,
324 3188 419 3249 qnam
434 3167 649 3231 misericordia
670 3188 733 3230 non
755 3168 926 3247 minuerat,
945 3189 1004 3252 per
1024 3172 1117 3234 suevi-

62 3253 136 3315 tiam
150 3252 393 3316 intenderetur!

103 3337 160 3405 46.
193 3337 374 3407 Damnatus
401 3340 515 3406 iisdem
544 3339 727 3404 consulibus
751 3337 939 3424 Tarquitius
966 3339 1119 3408 Priscus·

91 3514 101 3540 ⁸
117 3507 230 3556 Putem
239 3493 349 3573 peronio]
369 3508 466 3571 Lipsius
482 3509 574 3572 rightly
605 3523 662 3556 vere
673 3508 718 3554 law
730 3507 757 3556 of
764 3508 830 3558 Nero
841 3525 871 3557 cn
882 3510 933 3559 this
942 3512 1045 3576 subject.
1071 3516 1118 3566 Sec

64 3574 169 3620 marlia
179 3573 234 3620 tbrt
250 3574 298 3620 tirio
317 3576 338 3620 is
357 3574 408 3621 said
429 3574 573 3638 ironicully:
608 3573 641 3622 A.
653 3574 704 3629 xiii,
717 3578 757 3624 3².
790 3575 840 3622 But
856 3577 897 3624 tbe
909 3591 1020 3640 emperor
1035 3582 1119 3630 would

64 3650 90 3685 m
104 3637 127 3684 if
142 3637 175 3685 bc
194 3638 241 3685 bad
259 3639 318 3685 been
335 3639 438 3714 trpating
453 3640 526 3714 about
538 3639 575 3686 bis
606 3646 650 3686 not
660 3648 726 3686 erert
736 3656 749 3685 n
761 3655 818 3716 narr
826 3640 942 3707 severity,
958 3643 1004 3690 lest
1019 3645 1060 3693 tlre
1077 3646 1118 3694 old

63 3703 576 3824 ttt'dtttt’.ttl.t:¹r.l;‘f‘¹¹¹⁸t
607 3702 870 3835 'lllllq‘flll‘JJJ'
899 3771 923 3818 r
936 3773 991 3820 001.
1002 3773 1029 3820 οι
1043 3730 1118 3823 rer.

10 3829 17 3843 '
93 3831 261 3896 ‘lnsmiliiq
271 3832 573 3891 Oltbecrowdscfslaves,
600 3843 688 3881 ⁴extum
703 3834 727 3881 in
740 3835 856 3889 Vaillant,
874 3834 959 3883 Famil.
977 3835 1052 3882 Rom.
1066 3840 1125 3884 sol.

94 3967 108 3994 ⁸
123 3961 332 4027 hiberti-quoque]
358 3963 434 4012 Tbere
448 3979 491 4013 nas
506 3980 520 4014 a
535 3981 574 4015 se·
606 3970 665 4019 ΣΑΡ
683 3968 867 4018 namnum
885 3967 935 4014 ure
947 3963 1024 4013 bend
1038 3962 1068 4010 ol
1080 3963 1159 4010 merc
