2512 4372
52 195 119 245 no.
135 181 203 266 69.]
362 193 633 245 rrrsronmnun
658 195 732 245 nm.
757 194 784 244 r.
1044 179 1111 246 265
1192 212 1196 219 ·

54 316 256 380 matrimonio
270 315 415 390 subnixa,
430 323 464 379 et
483 315 571 399 apud
585 313 733 389 Galbam,
752 312 924 390 Othonem,
939 313 1109 381 Vitellium

53 402 184 466 inlaesa:
207 424 283 466 mox
305 411 418 485 potens
440 402 579 486 pecnnia
598 410 633 465 et
648 402 793 477 orbitate,
809 424 883 486 quae
900 404 989 467 bonis
1003 403 1107 483 malis·

55 511 121 572 que
136 489 332 574 temporibus
348 487 447 573 juxta
461 488 580 552 valent.

97 576 151 641 74.
175 577 305 641 Crebrae
317 575 457 649 interim,
471 583 505 638 et
515 573 723 638 muliebribus
734 573 958 638 blandimentis
966 575 1107 668 infectae,

54 665 95 726 ab
112 662 242 726 Othone
257 664 297 725 ad
314 661 482 725 Vitellium
497 660 653 744 epistolas,
669 661 846 724 offerebant
868 662 1056 746 ‘pecuniam
1076 672 1110 727 et

55 750 192 834 gratiam
208 758 242 812 et
263 769 497 832 quemcumque
513 747 629 831 quietis
645 747 748 810 locum
765 747 907 831 prodigae
924 748 999 812 vitae
1014 749 1112 832 legis·

49 838 129 900 'seta'
181 835 280 900 Paria
309 834 462 898 Vitellius
491 835 682 907 ostentabat,
714 833 814 917 primo
843 833 982 913 mollius,
1011 837 1111 900 stulta

56 925 222 1005 utrimque
248 932 282 986 et
308 922 458 985 indecora
485 921 706 985 simulatione:
728 941 816 1000 mox,
841 922 933 1006 quasi
955 921 1109 997 rixantes,

56 1020 169 1093 stupra
183 1019 216 1072 et
231 1008 352 1092 flagitia
367 1009 504 1072 invicem
519 1009 739 1092 objectavere;
761 1015 876 1072 neuter
890 1007 981 1071 falso.
1008 1005 1112 1081 Otho,¹

56 1097 228 1175 revocatis,
260 1117 339 1178 quos
369 1094 475 1159 Galba
499 1094 640 1172 miserat,
665 1093 808 1179 legatis‘
831 1115 940 1158 rursus
964 1093 1044 1158 alios
1069 1095 1112 1158 ad-

57 1191 233 1266 utrumque
246 1180 477 1246 Germanicum
488 1183 665 1246 exercitum
677 1192 712 1244 et
725 1181 766 1244 ad
782 1181 939 1265 legionem
952 1179 1111 1258 Italicam,

10 1283 12 1291 ’
57 1291 190 1353 easque,
215 1291 289 1353 quae
319 1267 468 1353 Lugduni
497 1270 671 1351 agebant‚“
700 1270 818 1352 copias,
846 1267 952 1352 specie
982 1279 1112 1332 senatus

56 1357 155 1420 misit.
201 1355 318 1438 Legati
340 1357 426 1439 apud
444 1354 614 1420 Vitellium
635 1375 825 1429 remansere,
842 1355 998 1439 promtius
1013 1374 1111 1439 quarn

57 1452 94 1506 ut
110 1443 230 1506 retenti
243 1443 440 1506 viderentur.
478 1440 680 1516 Praetoriani,
698 1463 788 1526 quos,
806 1463 862 1524 per·
877 1440 1111 1506 simulationem

57 1529 166 1604 officii,
183 1529 298 1612 legatis
316 1528 403 1592 Otho
419 1528 622 1612 adjunxerat,
639 1528 772 1602 remissi,
791 1537 963 1612 antequam
977 1528 1112 1612 legioni-

45 1615 119 1680 bus
142 1616 386 1679 miscerentur.'
428 1614 566 1679 Addidit
591 1614 740 1696 epistolas
764 1613 885 1678 Fabius
907 1613 1041 1690 Valens,
1054 1637 1112 1680 no-

58 1703 144 1766 mine
169 1702 355 1766 Germanici
378 1701 552 1776 exercitus,
578 1701 618 1764 ad
643 1700 808 1783 praetorias
831 1709 866 1764 et
892 1702 1029 1765 urbanas
1057 1723 1112 1766 co·
1173 1771 1177 1779 Ἴ

59 1789 178 1862 hortea,
203 1789 243 1852 de
266 1789 385 1853 viribus
404 1789 543 1872 partium
558 1787 755 1871 magnificas,
770 1794 804 1850 et
818 1787 1018 1851 concordiam
1033 1789 1111 1854 offe·

57 1884 177 1939 rentes.
233 1875 426 1959 Increpabat
456 1875 551 1950 ultro,
586 1874 694 1958 ‘quod
717 1882 806 1937 tanto
830 1883 924 1938 ante!
957 1875 1112 1940 traditum

58 1960 193 2025 Vitellio
207 1961 375 2046 imperium
397 1962 438 2025 od
464 1960 624 2025 Othonem
647 1960 838 2025 vertissent?
883 1959 937 2024 Ita
953 1961 1112 2045 promissis

59 2048 153 2112 simul
175 2070 213 2111 ac
233 2050 327 2113 minis
352 2050 581 2125 tentabantur,
606 2055 669 2110 ‘ut
696 2047 777 2112 bello
799 2048 948 2130 impares,
975 2047 1007 2111 in
1031 2070 1112 2132 paee

58 2135 139 2200 nihil
156 2135 303 2198 amissuri
314 2135 336 2198 :'
351 2156 457 2220 neque
472 2134 546 2199 ideo
560 2133 824 2217 praetorianorum
839 2133 918 2198 fides
933 2143 1069 2198 mutata.
1112 2172 1116 2184 ·

101 2224 157 2286 75.
174 2223 240 2286 Sed
251 2222 451 2286 insidiatores
463 2222 502 2287 ab
517 2221 646 2285 Othone
662 2221 693 2284 iu
708 2219 927 2300 Germaniam,
943 2243 963 2284 a
977 2220 1112 2285 Vitellio

58 2308 91 2372 in
106 2307 231 2372 Urbem
245 2309 351 2372 missi:
375 2310 521 2393 utrisque
536 2308 655 2372 frustra
670 2307 753 2382 fuit;
776 2305 959 2371 Vitellianis
969 2307 1116 2389 impune,

58 2416 116 2478 per
139 2403 261 2458 tantam
284 2396 448 2460 hominum
463 2394 712 2470 multitudinem,
728 2402 843 2457 mutua
858 2393 1037 2477 ignorantia
1052 2395 1113 2458 fal·

59 2481 216 2545 lentibus:
242 2481 427 2558 Othoniani,
444 2481 587 2545 novitate
603 2482 723 2560 vultus,
747 2481 893 2544 omnibus
912 2482 1048 2545 invicem
1062 2481 1111 2565 ig-

60 2569 157 2646 naris,
173 2569 400 2651 prodebantur.
437 2568 593 2633 Vitellius
608 2568 717 2632 literas
732 2567 772 2632 ad
788 2567 962 2642 Titianum,
981 2568 1112 2632 tratrem
1217 2639 1219 2644 Α

60 2655 210 2728 Othonis,
234 2656 423 2740 composuit,
449 2655 608 2719 ‘exitium
623 2654 685 2738 ipsi
699 2654 830 2738 filioque
844 2655 929 2739 ejns'
950 2653 1109 2730 minitans,

61 2743 115 2805 ‘ni
129 2740 305 2806 incolumes
319 2743 378 2806 sibi
392 2751 493 2809 mater
509 2765 546 2806 ac
562 2742 673 2806 liberi¹
694 2742 918 2805 servarentur?
955 2741 1000 2804 Et
1020 2740 1112 2804 stetit

59 2828 173 2891 domus
197 2836 351 2912 utraque:
375 2830 433 2893 sub
462 2827 602 2908 Othone,
628 2828 785 2893 incertum
811 2850 852 2892 an
875 2836 983 2904 metu;
1006 2825 1111 2892 Vitel-

59 2914 121 2981 lius
137 2916 240 2979 victor
255 2916 432 2980 clementiae
447 2915 581 2999 gloriam
597 2915 683 2979 tulit.
1028 2939 1030 2943 ¹

100 3001 156 3066 76.
182 3000 310 3066 Primus
327 3001 450 3065 Othoni
465 3002 613 3078 fiduciam
629 3001 752 3065 addidit
767 3022 810 3065 en
826 2999 955 3084 Illyrico
968 3001 1109 3077 nuntius,

52 3087 182 3173 jurasse
204 3088 236 3152 iu
259 3111 333 3153 eum
356 3088 528 3153 Dalmatiae
549 3111 586 3153 ao
610 3087 782 3162 Pannoniae
805 3096 839 3151 et
860 3086 987 3151 Moesiae
1010 3088 1110 3172 legio·

57 3197 126 3241 nes.
152 3174 245 3239 Idem
260 3197 303 3241 ex
320 3174 480 3261 Hispania
494 3175 648 3242 allatum:
672 3176 887 3259 laudatusque
899 3195 956 3259 per
969 3175 1111 3240 edictum

92 3402 100 3434 ¹
116 3399 230 3463 Legatir]
253 3399 299 3448 See
316 3399 350 3446 Η.
360 3399 379 3464 i,
390 3404 431 3449 74.
602 3414 660 3449 seen
670 3400 697 3450 in
713 3401 755 3449 the
771 3400 829 3465 gold
847 3400 895 3450 rud
911 3401 984 3450 silver
1000 3401 1067 3452 coins
1086 3401 1114 3450 oi

89 3471 104 3496 ⁸
120 3465 236 3524 Lugduni
245 3465 358 3528 agebunt]
376 3466 421 3514 See
432 3465 465 3516 H.
475 3465 494 3522 i,
504 3471 545 3516 ⁵9.
603 3466 725 3523 Vitellius,
746 3483 771 3515 n.
789 3483 928 3515 vrrsnnrvs
947 3483 1032 3516 onon.
1049 3483 1110 3515 rus.

89 3536 104 3561 ¹
119 3529 181 3591 larg.
207 3529 287 3592 onitu]
314 3531 374 3579 Lest
399 3531 457 3596 they
483 3530 570 3580 should
601 3547 722 3580 svestra
738 3547 781 3581 ru:
807 3533 847 3580 the
865 3532 929 3581 head
948 3533 969 3580 is
987 3530 1111 3580 wreathed

58 3593 163 3643 elienste
185 3596 226 3642 the
248 3595 341 3659 legions
361 3597 424 3644 from
447 3597 570 3661 Vitellius,
602 3597 663 3644 with
674 3597 760 3646 laurel.
793 3596 833 3645 On
846 3597 889 3645 the
903 3612 1005 3652 reverse,
1017 3611 1109 3645 ornant

58 3659 106 3707 and
118 3659 188 3723 bring
200 3661 265 3708 them
275 3675 333 3708 over
342 3667 367 3708 to
380 3661 455 3710 Otho.
603 3677 663 3714 rna.
679 3677 765 3710 annu.
788 3661 806 3712 i.
822 3679 846 3710 e.
871 3663 956 3711 ‘liberi
977 3661 1109 3724 Imperato-

92 3732 106 3767 5
133 3725 210 3773 Tanto
231 3727 300 3790 unte]
330 3726 382 3774 The
410 3726 501 3789 empire
524 3739 571 3772 was
602 3727 636 3774 ris
653 3725 808 3775 Germanici!
828 3727 889 3775 Two
907 3726 1019 3791 youthiul
1032 3724 1110 3772 hendo

57 3790 145 3837 vested
154 3791 181 3837 in
192 3789 308 3867 Vitellius
324 3806 355 3839 on
372 3792 414 3838 the
432 3798 471 3839 ist
487 3790 515 3839 oi
527 3791 570 3841 Ja-
601 3791 681 3855 facing
691 3795 750 3840 each
762 3792 973 3855 other(advursa).
995 3789 1026 3837 In
1042 3804 1109 3837 sorno

57 3854 571 3984 ”tuttitrtttttltltlut.
601 3857 1111 3970 {tuffhttttt'lltitJl‘tltt

56 3985 106 4033 lius
132 3984 183 4033 and
208 3985 308 4036 Galeria
328 3985 445 4035 Fundana
464 4001 522 4052 may
541 3988 570 4035 be
602 3986 658 4046 lius,
671 3985 925 4037 cessastiovitd.

122 4067 181 4118 Tac.
360 4100 362 4105 -
576 4067 613 4118 11.
1030 4063 1055 4110 ἰ
