2512 4372
45 173 200 257 r.c.62.]
359 189 569 238 unnsnrmu
595 190 670 238 nra.
689 191 772 239 xrv.
1041 172 1107 238 131

46 321 102 374 tus
125 320 187 390 est,
212 311 322 395 ‘quod
345 310 447 374 multa
468 320 502 374 et
523 312 673 393 probrosa
693 310 725 374 in
749 318 855 392 patres
874 316 908 372 et
927 310 1111 374 sacerdotes

46 396 280 481 composuisset
294 398 333 460 iis
347 396 447 471 libris,
462 398 579 480 quibus
596 418 709 460 nomen
737 396 988 461 codicillorum⁰
1012 397 1109 460 dede-

46 482 121 548 rat.'
165 482 353 567 Adjioiehat
365 483 477 547 Talius
494 483 662 557 Geminus,
680 492 854 557 accusator,
872 483 1055 546 ‘venditata
1070 483 1110 546 ab

48 593 88 634 eo
101 591 237 634 munera
249 569 420 654 Principis,
434 578 468 633 et
479 571 756 653 adipiscendorum
772 570 925 632 honorum
936 570 992 653 jus
1002 569 1019 632 :'
1036 592 1110 653 quae

49 678 151 721 causa
163 655 289 721 Neroni
300 657 363 720 suit
374 657 568 740 suscipiendi
578 657 709 740 judicii:
731 656 977 738 convictumque
988 655 1110 740 Vejen·

50 755 162 807 tonem
179 742 276 807 Italia
290 743 426 827 depulit,
441 753 474 806 et
496 743 591 806 libros
607 743 701 806 exuri
712 743 821 826 jussit,
838 743 1032 822 conquisitos
1050 743 1111 806 lec·

50 832 244 913 titatosque,
265 829 367 893 donec
390 851 462 893 oum
484 829 626 913 periculo
649 830 861 914 parabantur:
885 849 961 892 mox
983 828 1113 893 licentia

52 916 197 981 habendi
213 916 402 981 oblivionem
419 917 539 980 attulit.

94 1004 153 1067 51.
176 1003 244 1068 Sed
264 1003 525 1086 gravescentibus
548 1004 579 1066 iu
603 1002 671 1066 dies
694 1002 828 1086 publicis
850 1001 953 1079 malis,
970 1001 1112 1067 subsidia

54 1091 303 1164 minuebantur;
334 1091 554 1174 concessitque
584 1090 652 1153 vita
675 1088 814 1168 Burrus,
840 1089 999 1152 incertum
1028 1089 1114 1152 vale·

13 1175 15 1178 ’
54 1178 170 1240 tudine
186 1198 227 1239 an
244 1187 392 1240 veneno!
434 1175 600 1239 Valetudo
621 1197 663 1239 err
688 1197 727 1239 eo
747 1176 998 1259 conjectabatur,
1027 1178 1113 1260 quod

55 1265 140 1329 inse
157 1263 408 1327 tumescentibus
423 1264 576 1344 paulatim
591 1262 737 1326 saucibus
759 1272 793 1326 et
815 1262 969 1344 impedito
991 1274 1113 1336 meatu,

56 1350 205 1434 spiritum
221 1349 363 1414 finiebat.
409 1349 637 1433 Plures-jussu
661 1348 816 1427 Neronis,
833 1349 923 1432 quasi
938 1350 1114 1412 remedium

57 1436 278 1508 adhiberetur,
292 1437 418 1500 inlitum
433 1436 575 1520 palatum
590 1437 661 1520 ejus
676 1436 772 1499 noxio
787 1436 1006 1511 medicamine,
1024 1438 1114 1499 adse·

57 1525 234 1588 vorabant:
258 1532 292 1587 et
311 1523 463 1598 Burrum,
480 1524 642 1587 intellecto
657 1523 786 1596 scelere,
803 1543 876 1585 curn
893 1523 932 1585 ad
949 1523 1116 1587 visendum

59 1632 133 1674 eum
160 1611 316 1694 Princeps
340 1610 490 1685 venisset,
510 1619 675 1693 aspectum
701 1609 771 1692 ejus
798 1620 990 1684 aversatum,
1008 1611 1115 1674 scisci·

60 1697 143 1760 tanti
166 1697 363 1760 ‘hactenus’
386 1697 597 1780 respondisse,
616 1703 696 1779 ‘ego
719 1717 769 1758 me
792 1696 872 1759 bene
895 1696 1017 1760 habeo)
1062 1698 1118 1761 Ci-

61 1783 156 1847 vitati
187 1783 308 1867 grande
344 1783 538 1848 desiderium
576 1783 647 1866 ejus
685 1782 810 1857 mansit,
841 1804 898 1866 per
935 1784 1118 1846 memoriam

61 1870 202 1944 virtutis,
233 1879 267 1932 et
300 1890 517 1934 successorum
555 1869 685 1932 alterius
722 1891 854 1952 segnem
891 1869 1118 1944 innocentiam,

61 1957 196 2023 alterius
212 1956 456 2039 flagrantissima
472 1957 593 2040 llagitia
608 1971 642 2019 et
658 1956 834 2019 adulteria:
863 1957 983 2041 quippe
1006 1955 1120 2021 Caesar

63 2043 144 2111 duos
176 2043 331 2126 praetoriis
359 2044 543 2107 cohortibus
572 2043 800 2126 imposueratt·
818 2042 955 2106 Fenium
981 2041 1138 2117 Rufum„

63 2151 103 2193 ex
120 2129 213 2213 vulgi
231 2129 350 2203 lavore,
366 2132 442 2214 quia
460 2152 525 2193 rem
548 2130 789 2193 frumentariam
810 2129 876 2192 siue
892 2137 1017 2212 quaestu
1035 2138 1120 2192 trac-

64 2219 173 2281 tabat:
214 2214 411 2299 Sophouium
443 2216 673 2301 Tigellinum!
711 2226 850 2278 veterem
888 2215 1121 2298 impudicitiam

65 2313 164 2387 atque
194 2301 354 2366 infamiam
377 2304 410 2366 in
438 2325 476 2366 eo
500 2312 639 2367 secutus.
687 2304 798 2385 Atque
827 2302 872 2364 illi
904 2323 960 2385 pro
987 2303 1123 2385 coguitis

65 2390 230 2455 moribus¹
261 2389 370 2452 suere:
399 2390 535 2453 validior
557 2389 736 2472 Tigellinus
761 2389 793 2450 iu
822 2387 927 2450 animo
950 2386 1122 2472 Principis,

66 2486 98 2540 et
122 2475 246 2540 intimis
269 2476 451 2540 libidinibus
476 2477 662 2540 adsumtus:
696 2495 847 2560 prospera
871 2475 980 2558 populi
1004 2483 1038 2538 et
1064 2476 1123 2538 mi·

66 2563 160 2628 litum
176 2563 263 2626 fama
278 2561 398 2638 Rufus,
415 2564 503 2648 quod
525 2564 610 2647 apud
638 2561 804 2647 Neronem
830 2562 999 2625 adversum
1024 2583 1123 2646 expe·

67 2649 221 2714 riebatur.
1104 2681 1110 2690 ·

107 2736 163 2801 52.
188 2733 278 2798 Mors
308 2734 407 2798 Burri
432 2734 564 2819 infregit
587 2735 720 2798 Senecae
748 2734 946 2818 potentiam
976 2734 1125 2819 quianec

70 2823 161 2888 bonis
176 2823 320 2887 artibus⁶
342 2821 429 2886 idem
443 2821 560 2886 virium
576 2832 657 2896 erat,
673 2821 774 2885 altero
790 2822 881 2885 velut
903 2823 987 2885 duce
1009 2832 1125 2896 amoto,

98 3054 112 3079 '
129 3045 225 3094 Nomen
234 3043 418 3106 Codicillorum]
432 3042 508 3091 What
518 3051 582 3090 atro·
616 3056 689 3104 every
700 3042 796 3104 species
806 3042 833 3089 oi
841 3043 933 3105 cruelty
943 3042 1095 3107 sndimpurit
1124 3063 1131 3092 r

71 3110 215 3159 citieswere
229 3109 326 3157 written
343 3109 368 3156 in
384 3107 455 3163 willa,
465 3123 503 3156 we
520 3107 582 3155 have
615 3104 697 3164 ndens
711 3105 832 3166 ὧμόπῃος
852 3107 891 3156 καὶ
907 3107 1037 3170 ἀσελγείας
1051 3061 1118 3160 duddi

71 3191 126 3241 seen
145 3176 172 3222 in
189 3173 223 3222 A.
237 3174 272 3235 ri,
287 3177 327 3222 38.
359 3172 444 3221 Under
461 3173 584 3236 Augustus
616 3171 716 3230 καλοςῆ
732 3174 767 3232 τῷ
778 3173 874 3232 Νέρωνι,
886 3188 912 3220 as
931 3189 966 3220 we
984 3174 1050 3222 learn
1069 3177 1128 3224 from

71 3241 111 3288 tha
128 3249 214 3287 senate
230 3237 323 3286 desired
339 3246 364 3285 to
381 3238 458 3286 check
475 3239 537 3285 their
553 3239 583 3285 li·
616 3238 944 3300 Apollonius.inPbilostrst.
952 3238 1130 3304 Vitdpollons

71 3304 257 3354 cautiousuess:
302 3305 345 3352 the
372 3318 482 3367 emperor
498 3297 583 3351 ‘inter-
616 3302 650 3363 iv,
661 3308 701 3356 44,
714 3304 804 3363 pllio.
1047 3321 1052 3331 =

71 3371 166 3432 posed;
179 3384 216 3432 as,
227 3370 316 3431 though
328 3369 467 3433 destroyiug
477 3368 585 3416 iresdom
650 3374 662 3399 ²
678 3368 877 3431 Pro-noricus]
896 3367 977 3417 Rutu·
993 3369 1041 3417 snd
1051 3371 1132 3435 Tigel-

72 3436 159 3498 duriug
169 3435 210 3482 his
220 3434 300 3481 whole
316 3434 369 3489 tite,
384 3434 414 3481 he
432 3435 533 3495 thought
543 3434 585 3482 be·
618 3433 680 3480 linus
698 3433 824 3496 possessed
841 3434 960 3483 intluence
980 3436 1006 3485 ol
1021 3435 1132 3484 different

73 3500 147 3549 neath
162 3499 245 3547 notice
266 3500 307 3546 tbe
326 3499 438 3546 harmiess
453 3499 545 3562 vestigo
562 3498 589 3547 of
618 3498 698 3553 kinds,
715 3498 842 3562 according
859 3508 884 3546 to
901 3500 963 3548 their
980 3501 1131 3551 well-known

72 3565 159 3629 liberty
170 3563 251 3612 which
262 3564 380 3627 appeared
392 3563 417 3611 in
427 3564 501 3611 willa.
618 3562 749 3611 diffelence
760 3563 787 3610 oi
795 3565 924 3612 character.

103 3638 117 3662 ⁸
132 3631 175 3680 Aa
190 3630 291 3692 ummo]
312 3629 376 3676 l'hat
386 3627 475 3676 Burrus
487 3625 543 3675 died
553 3626 585 3690 by
651 3636 664 3660 ⁰
681 3629 734 3676 Nec
755 3629 822 3678 honis
843 3631 947 3693 artibus]
973 3631 1063 3678 Burrus
1082 3632 1131 3679 bad

72 3695 227 3808 poisonhws
248 3694 314 3805 heum
334 3694 393 3807 {rom
409 3693 472 3806 gio,
491 3691 545 3753 lxii,
563 3708 587 3755 p.
619 3694 815 3803 excellentpqrts
825 3709 832 3752 3
853 3697 899 3741 and
911 3695 1132 3806 Slqnecalpadgpod

73 3765 139 3873 licii>
156 3769 339 3874 rehieldiunilhd
352 3765 435 3889 huces
449 3772 588 3886 ¹ildlliciltiih]
620 3768 923 3885 (illliihlloidarldtst'lhhglli
947 3769 1074 3872 dielidihdt:
1093 3777 1134 3874 op:

73 3891 180 3939 toxicum
191 3888 276 3936 misit’
625 3889 692 3935 osten
730 3889 798 3935 acted
828 3890 955 3952 unworthy
982 3889 1009 3935 ol
1038 3903 1051 3934 a
1080 3890 1136 3951 phi-

106 3954 211 4018 sSoplt.
234 3952 334 4018 Tigell]
361 3952 400 4001 He
423 3952 508 4016 taught
528 3952 594 4002 Nero
624 3953 747 4016 losopber,
766 3952 814 4000 aud
835 3953 965 4014 especially
985 3953 1042 4000 ola
1062 3954 1137 4011 Stoic,
