2512 4372
63 195 205 279 r.n.5b.]
392 208 601 259 ausanius
626 208 701 259 nra.
723 209 797 258 xri.
834 268 838 275 ¹
1070 199 1116 266 25

64 338 128 394 tare
149 329 259 404 vultis,
285 329 441 414 seqnitur,
461 339 499 394 ut
521 350 630 391 omnes
653 330 841 395 servitutem
861 331 1029 416 accipiant.
1075 333 1113 400 si

62 416 168 481 statim
191 418 322 480 deditus
351 418 510 490 traderer;
542 438 647 499 neque
671 438 742 479 mea
764 418 903 495 fortuna,
928 441 1033 504 neque
1057 429 1113 486 tua

61 502 159 585 gloria
171 503 386 568 inclaruisset.
431 503 629 586 Supplicium
652 501 735 565 meis
750 504 867 568 oblivio
882 520 1054 589 sequetur:
1078 519 1113 573 at

60 590 85 653 si
112 590 306 655 incolumem
335 591 524 665 servaveris,
556 600 712 653 aeternum
740 591 906 673 exemplar
935 593 1112 660 clementiae

10 748 13 771 ι
60 678 131 739 ern'
175 675 413 740 AdeaCoesar
428 677 552 739 veniam
574 676 710 759 ipsique,
733 686 767 740 et
789 677 929 762 conjugi,
949 688 983 742 et
1004 681 1111 746 fratri-

10 796 12 841 ;
61 762 127 838 bus,
144 763 267 827 tribuit.
306 761 420 846 Atque
436 763 490 836 illi,
506 763 620 826 vinclis
635 763 789 837 exsoluti,
805 763 1016 847 Agrippinam
1033 791 1113 852 quo-

10 866 12 877 ·
60 870 131 931 que,
146 851 232 914 haud
248 849 360 933 procul
377 850 439 913 alio
453 859 608 932 suggestu
623 849 837 933 conspicuam,
856 851 978 931 iisdem,
995 857 1112 936 quibus

61 932 254 1022 Principem,
279 936 427 1000 laudibus
450 937 659 1020 gratibusque
680 937 823 1000 venerati
846 945 932 1000 sunt.
980 938 1111 1006 Novum

60 1039 158 1104 ernest
178 1033 214 1088 et
236 1023 379 1086 moribus
397 1032 541 1086 veterum
560 1022 732 1096 insolitum,
749 1022 914 1087 foeminam
930 1023 1026 1108 signis
1043 1026 1112 1092 Ro-

59 1111 155 1175 manis
171 1109 357 1194 praesidere.
386 1110 462 1194 lpsa
476 1118 578 1172 semet
591 1109 676 1193 parti
688 1130 707 1172 a
718 1110 890 1195 majoribus
905 1111 972 1175 suis
986 1112 1111 1199 imperii

61 1195 196 1263 mun*
214 1197 350 1260 serebat.

98 1282 152 1348 ὥ.
176 1281 297 1348 Vocati
327 1281 458 1366 posthac
488 1291 596 1366 patres
625 1281 727 1344 multa
756 1292 789 1346 et
816 1285 986 1369 magnifica
1015 1309 1111 1372 super

59 1371 244 1454 captivitate
259 1368 428 1433 Caractaci
439 1369 636 1432 disseruere:
664 1367 803 1452 ‘Neque
817 1371 920 1437 minus
932 1375 965 1437 id
977 1373 1110 1455 clarum,

60 1478 151 1543 quam
176 1479 251 1522 curn
276 1455 455 1542 Syphacem
482 1454 521 1520 P.
538 1452 670 1537 Scipi0‚⁸'
696 1453 818 1519 Persen
843 1456 882 1521 L.
909 1459 1055 1539 Paullus,
1076 1475 1111 1526 et

60 1544 153 1631 siqui
169 1545 226 1608 alii
238 1542 365 1606 uinctos
380 1564 472 1626 reges
488 1543 604 1626 populo
626 1541 772 1615 Romano
792 1546 981 1610 ostendere!
1026 1546 1112 1612 Cen·

59 1642 166 1697 rentur
188 1629 340 1694 ‘Ostorio
356 1629 509 1712 triumphi
523 1628 700 1712 insignia’*
722 1630 880 1713 prosperis
894 1634 934 1696 ad
958 1633 990 1696 id
1015 1636 1109 1699 rebus

59 1718 134 1803 ejus,
151 1739 228 1782 mox
254 1717 431 1801 ambiguis:
464 1716 542 1790 sive,
561 1716 658 1799 quod,
677 1725 783 1779 amoto
807 1717 993 1793 Caractacn,
1018 1725 1108 1804 quasi

60 1805 251 1871 debellatum
280 1804 374 1877 foret,
402 1801 507 1865 miuus
535 1803 660 1864 intenta
689 1802 774 1885 apud
804 1824 860 1868 nos
886 1806 1000 1870 militia
1025 1808 1109 1883 fuit;

59 1892 120 1956 sire
150 1892 270 1965 hostes,
298 1888 501 1953 miseratione
529 1889 611 1951 tanti
639 1888 734 1972 regis,
762 1891 866 1954 acrius
890 1893 931 1955 ad
955 1892 1109 1958 ultionem

60 1998 214 2044 exarsere.
261 1977 460 2042 Praelectum
484 1984 670 2049 castrorum,
693 1984 727 2040 et
751 1977 940 2059 legionarias
963 1979 1109 2047 cohortes

60 2064 258 2132 exstruendis
273 2065 359 2147 apud
374 2064 496 2128 Siluras
508 2062 664 2144 praesidiis
676 2062 816 2141 relictas,
827 2064 1107 2132 circumfundunt:

23 2174 26 2179 ·
61 2174 93 2218 ac
119 2155 153 2218 ni
183 2152 250 2216 cito
280 2151 359 2215 vicis
383 2159 416 2214 et
444 2149 584 2214 castellis
614 2149 768 2231 proximis
796 2151 986 2217 subventum
1013 2154 1106 2228 foret,

59 2242 152 2326 copiae
175 2249 244 2303 tum
267 2237 430 2300 occidione
454 2237 687 2299 occubuissent.
735 2235 915 2301 Praefectus
939 2249 1057 2312 tamen,
1075 2251 1108 2303 et

58 2338 125 2393 octo
141 2325 356 2402 centuriones,
373 2347 409 2387 uc
425 2322 656 2406 promtissimus
671 2321 807 2405 quisque
825 2324 1005 2407 manipulus
1027 2327 1106 2388 ceci-

58 2415 150 2478 dere:
183 2434 245 2476 nec
276 2411 377 2474 multo
404 2419 476 2493 post
504 2409 695 2495 pabulantes
720 2417 842 2472 nostros
866 2411 1042 2495 missasque
1065 2415 1105 2477 ad
1135 2437 1142 2452 ’

59 2500 230 2564 subsidium
248 2507 368 2561 turmas
382 2497 565 2582 profligant.

98 2586 151 2651 39.
172 2586 258 2650 Tum
289 2583 439 2647 Ostorius
464 2583 610 2646 cohortes
640 2580 807 2664 expeditas
834 2583 1018 2667 exposuitz¹
1046 2609 1104 2653 uec

81 2796 258 2861 sgwyycffum
269 2791 327 2854 mei]
346 2793 390 2856 My
409 2791 563 2856 punishment
594 2790 658 2846 dem,
675 2792 770 2839 E‘ro‘t'}
788 2794 825 2844 tu,
840 2789 858 2837 i.
869 2805 892 2836 e.
906 2788 931 2837 iu
944 2793 982 2839 the
996 2793 1105 2843 fifteenth

54 2855 99 2912 „ffl
115 2865 144 2912 6ε
162 2863 291 2925 gorgoneo.
323 2858 335 2906 Ι
355 2857 431 2904 aould
450 2867 493 2903 not
514 2855 562 2902 dis·
593 2870 653 2920 year
671 2856 699 2902 ol
715 2854 840 2917 Polemon,
856 2854 936 2902 which
955 2873 1004 2905 was
1024 2875 1103 2910 n.u.c.

54 2930 116 2991 guise
129 2928 171 2977 the
182 2928 257 2982 truth,
269 2924 320 2972 that
329 2924 354 2971 in
364 2924 412 2971 this
423 2923 510 2982 speech
522 2923 562 2968 the
594 2923 651 2970 806.

54 2994 130 3043 words
153 3001 160 3022 ⁴
173 2988 560 3055 imperitantem-imperitare-
626 2984 634 3016 ¹
652 2983 782 3047 Stl’ll‘ff‘m
790 2983 923 3046 P·&²⁰Pi⁰]
934 2986 1102 3053 Syphax,king

52 3053 321 3124 ηοω-58666666
340 3064 380 3101 m
406 3051 463 3100 6666
484 3051 562 3115 aegri.
595 3049 672 3097 nithe
685 3048 817 3112 blasoesyli,
833 3063 884 3096 was
899 3050 939 3097 led
954 3051 980 3098 in
998 3055 1102 3118 triumph

53 3126 142 3190 lonay·
594 3116 625 3180 by
636 3114 665 3161 P.
676 3114 758 3178 Scipio
775 3129 851 3161 nuc.
867 3118 923 3162 553.
956 3116 1043 3182 Polyb.
1054 3121 1102 3175 xri,

82 3183 288 3247 mmmm]
306 3182 409 3232 Yetnot
421 3181 561 3240 wonderful,
595 3196 619 3242 p.
638 3183 696 3229 733.
732 3178 842 3226 AErnilins
859 3178 1102 3246 Paulustriumphed

51 3257 89 3305 the
101 3252 211 3304 husband
221 3251 293 3313 being
302 3264 317 3297 a
326 3248 386 3305 font,
393 3247 441 3296 and
453 3248 494 3294 the
505 3246 562 3295 wisa
595 3247 736 3298 cnosso,
747 3258 777 3291 on
786 3244 828 3290 the
835 3256 952 3306 conquest
958 3248 985 3295 ol
990 3248 1103 3307 Perseus.

52 3321 186 3369 mmm
595 3311 635 3356 the
646 3309 692 3355 last
702 3306 793 3370 kingol
808 3308 927 3357 Macedon
938 3328 945 3369 ς
962 3312 1018 3369 aud,
1031 3329 1056 3362 as
1069 3332 1103 3364 ne

82 3385 95 3419 a
111 3384 215 3448 ympni}
227 3380 325 3443 udam]
343 3377 396 3426 Not
406 3377 463 3440 only
476 3391 510 3438 so,
520 3375 563 3424 bnt
594 3376 658 3422 lenrn
669 3373 728 3420 lrorn
740 3373 823 3438 Pliny,
831 3373 912 3432 xxxiii,
921 3380 945 3432 3,
954 3382 993 3434 17,
1001 3379 1104 3442 brought

50 3449 141 3512 loeeign
158 3448 254 3496 natione
271 3445 326 3493 held
342 3445 387 3491 her
405 3458 432 3490 so
448 3453 498 3506 too,
514 3442 561 3489 and
594 3447 620 3489 to
631 3440 673 3487 tha
685 3447 790 3501 treasury
801 3439 881 3486 outol
889 3441 930 3488 the
942 3442 1103 3494 Macedonian

50 3516 136 3627 chiefly
153 3515 271 3563 Polemon
282 3509 318 3559 ΙΙ.
335 3511 376 3556 tbe
390 3507 477 3584 Pnpric
496 3506 563 3581 king,
596 3517 667 3580 booty
692 3533 734 3565 6.,
745 3534 798 3565 m,
810 3534 864 3568 000,
883 3531 909 3564 ο,
929 3515 1034 3580 96966,
1046 3527 1103 3574 666ο

50 3580 76 3629 oi
97 3597 118 3627 w
136 3595 177 3627 om
203 3593 218 3624 a
243 3575 388 3623 remarkable
412 3573 484 3620 ⁵¹l'01
507 3585 561 3619 ⁰⁰¹ss
596 3584 689 3641 hald,
698 3583 757 3630 alter
766 3583 845 3632 which
857 3581 1107 3638 tthoruenrleltcff

50 3660 99 3694 war
108 3641 239 3710 published
251 3644 280 3705 by
292 3639 405 3694 Pellerin,
418 3637 521 3686 Recueil
531 3637 561 3683 de
593 3647 684 3743 66666
695 3648 792 3696 665666,

49 3709 180 3759 Menullae
195 3707 228 3756 de
244 3705 314 3762 Rois,
329 3721 354 3766 p.
369 3707 425 3753 lsr.
458 3702 496 3749 On
514 3715 560 3748 oue
661 3713 785 3776 Tn'umphi
809 3711 928 3776 insignis]
962 3713 1009 3763 See
1036 3717 1103 3767 the„

49 3776 100 3825 side
110 3776 181 3825 isthe
190 3771 254 3821 head
261 3771 288 3819 ol
295 3770 406 3819 Polemon
415 3765 562 3815 surronnded
593 3776 718 3825 described
729 3778 753 3824 5„
765 3778 826 3841 Agr,
835 3781 877 3826 40,

48 3841 108 3891 vitu
130 3857 147 3890 a
166 3839 273 3899 diadem,
294 3836 445 3885 ΒΑΣΙΛΕΩΣ
466 3838 561 3882 ΠΟΛΕ·
626 3839 784 3909 tflxpmit]
813 3842 912 3906 Lipsius
931 3842 1021 3906 prelers
1038 3861 1105 3909 oppo-

48 3913 154 3957 horso:
183 3919 216 3953 on
232 3904 274 3950 the
286 3902 356 3949 other
370 3899 391 3947 is
407 3901 448 3945 tlte
465 3896 525 3946 head
537 3896 564 3945 cl'
592 3906 651 3958 mir,

46 3971 184 4037 Agrippina
194 3964 344 4017 surrounded
354 3964 405 4013 also
415 3962 474 4013 with
485 3978 501 4012 a
511 3961 561 4012 dia-

112 4066 170 4114 φας,
579 4052 617 4105 11.
1022 4055 1043 4105 C
