2512 4372
139 204 212 279 30⁰·
464 222 498 271 o.
519 222 704 274 uoaunurr
728 194 882 274 racrrr'
978 180 1205 293 [au-,clfflbl
1245 300 1248 315 Ι

142 353 232 411 tauto
248 343 353 409 acrius
368 342 546 409 Othoniani
560 364 690 409 eausam
706 353 934 431 auctoremque
948 340 1078 410 eladis*
1100 334 1206 411 delet·
1246 376 1248 387 ·

142 434 302 501 labantur.
420 452 423 456 ’
1048 455 1051 462 ·
1189 438 1204 455 ’”
1246 442 1248 451 “

152 540 155 545 ’
186 518 240 583 eor
265 519 311 582 Et
346 517 492 602 praelium
528 517 670 602 quidem,
699 517 862 600 abruptis¹
897 538 972 602 quae
1012 502 1201 604 supereraut

142 606 291 686 navibus,
306 605 387 689 fuga
404 605 595 671 diremtum:
626 604 742 669 Macer
764 603 967 669 ad·exitium
990 606 1200 690 poscebatun

140 692 504 781 jamque-‘vulneratum
529 691 663 755 eminus
682 692 792 755 lancea
818 691 938 756 strictis
962 690 1085 779 gladiis
1119 691 1203 767 inu:

144 789 263 855 serant,
286 798 359 844 eum
381 779 562 843 interonrsu
587 778 787 842 tribunorum
813 779 1110 863 centurionumque
1134 784 1202 865 pte-⁴

143 867 278 953 tegitur.
333 862 406 929 Nec
443 865 545 928 multo
581 873 653 947 post
689 861 869 928 Vestricius
907 865 1087 948 Spurinna,
1113 864 1203 951 juttq'

148 950 298 1027 Othonis,
327 952 439 1016 relicto
464 950 637 1014 Placentiae
661 951 786 1014 modico
809 950 969 1034 praesidio‚
995 972 1074 1016 cum
1097 948 1201 1018 color-¹

147 1042 232 1105 tibus
260 1039 418 1104 subvenit.
467 1037 553 1106 Dein
582 1036 732 1101 Flavium
761 1036 927 1120 Sabinum,
952 1038 1124 1105 consulem
1151 1034 1202 1137 dp}

148 1131 321 1213 signatum,
354 1124 443 1188 Otho
464 1131 637 1187 'rectorem
673 1123 773 1207 copiis
809 1124 907 1199 misit,
939 1125 1061 1209 quibus
1099 1122 1203 1195 Merui.

148 1215 345 1299 praefuerat3
367 1211 442 1274 laeto
456 1209 557 1274 milite
574 1213 619 1274 ad·
633 1210 841 1275 mutationem
865 1211 999 1287 ducum,
1015 1206 1052 1277 et
1075 1210 1202 1277 ducibus

149 1303 190 1367 ob
205 1301 333 1364 crebras
347 1297 518 1361 seditiones
533 1306 598 1361 tam
613 1297 762 1361 infestam
778 1297 924 1361 militiam
939 1298 1201 1383 aspernantibus„

191 1386 248 1452 37.
268 1384 403 1448 Invenio
417 1384 504 1467 apud
524 1385 678 1468 quosdam
700 1392 857 1460 auctores,
881 1393 1025 1468 ‘pavore
1048 1386 1139 1465 belli,
1154 1392 1202 1469 epil

150 1471 280 1539 fastidio
305 1470 475 1554 utriusque
501 1471 671 1555 Principis,
696 1493 831 1555 quorum
854 1470 980 1555 flagitia
1002 1492 1042 1538 ac
1071 1472 1202 1553 dedecus

152 1558 367 1644 apertiore-in
391 1558 462 1621 dies
487 1557 573 1621 sama
595 1558 818 1634 noscebantur,
843 1558 1011 1622 dubitasse
1032 1556 1203 1647 exercitas,

56 1642 62 1657 ⁴
152 1666 243 1726 num,
259 1644 361 1730 posito
385 1643 569 1720 certamine,
590 1645 641 1708 vel
667 1645 729 1729 ipsi
754 1646 787 1708 in
810 1645 952 1709 medinm
978 1645 1203 1719 consultarent.

152 1733 206 1797 vel
228 1730 599 1816 senatuipermitterent
625 1731 732 1815 legere
766 1730 1023 1815 Imperatorem:
1048 1738 1204 1821 atquem

154 1821 254 1885 duces
280 1817 480 1882 Othonianos
509 1818 647 1902 spatium
676 1840 713 1882 ac
743 1838 846 1882 moras
871 1819 1022 1898 suasisse,
1051 1818 1204 1905 precipue

155 1906 362 1980 Paullinum;
396 1905 483 1989 quod
512 1904 747 1968 vetustissimus
777 1904 1004 1986 consularium,
1036 1916 1075 1972 et
1104 1903 1206 1987 ntum

156 1995 271 2067 clarus,
306 1991 440 2076 gloriam
476 2012 656 2074 nomenque
691 1991 887 2056 Britannicis
922 1990 1206 2076 expeditionibus*

156 2079 346 2145 meruisset!
390 2076 474 2161 Ego,
491 2086 528 2141 ut
547 2079 769 2159 concesserim,
785 2079 869 2162 apud
885 2098 1007 2164 paucos
1022 2080 1128 2147 tacito
1142 2080 1205 2155 volt

157 2166 299 2253 quietern
325 2186 381 2246 pro
407 2164 574 2241 discordia,
601 2166 720 2228 bonum
744 2173 778 2228 et
802 2166 1003 2230 innocentem
1029 2164 1205 2255 Principem

181 2274 216 2319 ro
253 2252 397 2335 pessimis
434 2274 472 2316 ae
508 2252 761 2336 flagitiosissimis
797 2253 997 2336 expetitum
1035 2253 1086 2319 ita
1115 2266 1206 2337 neque

157 2276 354 2413 l’aullinum,
386 2360 449 2423 qna
475 2338 647 2422 prudentia
681 2339 758 2415 luit,
788 2360 944 2424 sperasse,
974 2338 1206 2426 corruptissimi

157 2427 266 2493 seculo
291 2434 414 2493 tantam
439 2425 527 2508 vulgi
549 2426 810 2501 moderationem,
835 2447 917 2501 reor,
941 2437 990 2502 nt,
1016 2427 1079 2512 qui
1107 2442 1208 2513 peren

158 2514 234 2597 belli
256 2533 363 2577 amore
378 2513 598 2590 turbaverant,
613 2513 732 2576 bellum
748 2513 835 2596 pacis
849 2513 982 2577 caritate
997 2513 1208 2601 deponerenl;

160 2620 266 2685 neque
281 2608 338 2663 aut
352 2599 514 2662 exereitus
537 2599 655 2684 linguis
678 2601 882 2684 moribusque
905 2599 1053 2666 dissonos
1077 2602 1112 2666 in
1135 2598 1209 2665 hone

162 2707 348 2753 consensum
377 2685 520 2768 potuisse
549 2685 746 2759 coalescere;
776 2697 833 2750 ant
868 2687 993 2770 legatos
1029 2710 1072 2752 ao
1110 2687 1209 2757 doces.

146 2780 280 2860 'magna
302 2795 345 2837 ex
371 2780 461 2856 parte
485 2773 591 2848 luxus,
610 2773 777 2858 egestatis,
799 2773 954 2837 scelernm
978 2774 1042 2838 sibi
1067 2773 1209 2849 conscia,

162 2861 224 2926 nisi
249 2859 406 2945 pollutum
428 2860 683 2944 obstrictumque
705 2861 826 2924 meritis
848 2860 914 2924 suis
936 2858 1130 2947 Principem
1149 2878 1211 2947 pu·

161 2969 262 3013 suros.

206 3035 262 3101 38·
284 3031 391 3098 Vetus
416 3055 453 3099 ac
487 3031 680 3117 jampridem
710 3031 806 3097 insita
847 3031 1037 3098 mortalibus
1066 3030 1211 3120 potentie

166 3121 306 3205 cupido''
341 3139 415 3185 cum
445 3120 572 3203 imperii
597 3119 818 3203 magnitudine
852 3119 995 3185 adolevit
1030 3121 1213 3208 erupitque:

166 3228 242 3273 num
267 3207 363 3271 rebus
384 3206 528 3282 modicis,
552 3206 719 3291 aequalitas
746 3207 844 3271 facile
864 3207 1063 3271 habebatur:
1086 3208 1143 3272 sed
1156 3203 1213 3282 uh‘,

167 3293 301 3372 subacto
315 3292 403 3368 orbe,
419 3302 454 3357 et
476 3294 600 3358 aemulis
620 3293 769 3357 urbibus⁰
790 3295 963 3379 regibusve
986 3295 1118 3372 excisis,
1133 3310 1214 3359 seru

167 3398 219 3443 ras
245 3399 321 3462 opes
348 3380 573 3465 concupiscere
602 3400 741 3445 vacnum
764 3380 856 3462 luit?
879 3380 983 3465 prima
1007 3381 1097 3447 inter
1118 3388 1216 3467 parre

202 3602 402 3665 lduret-cludis]
416 3603 510 3654 Macar.
746 3614 760 3640 ⁸
777 3606 898 3659 Potentia
907 3606 1006 3673 cupido]
1020 3607 1217 3671 dcundum·

203 3671 211 3704 ¹
227 3669 356 3733 Abruptis]
372 3666 457 3718 Better
473 3671 595 3733 abreptis:
615 3670 682 3722 since
715 3670 825 3720 ‘Natura
835 3673 980 3727 mortalium,
997 3673 1071 3723 avida
1086 3675 1187 3740 impmll.
1197 3680 1220 3719 et

170 3736 298 3787 limbaula
309 3742 415 3796 warput
425 3749 455 3781 ιιι
465 3734 513 3783 eud
524 3743 550 3783 to
560 3735 594 3800 by
604 3737 683 3800 eight.
713 3752 821 3802 preceps
836 3736 869 3785 ed
883 3736 1029 3802 explmdan
1044 3740 1122 3791 amnt
1135 3736 1220 3805 euridi-

169 3804 222 3852 Tbe
234 3801 311 3865 ships,
322 3799 402 3849 which
411 3797 461 3846 still
474 3800 607 3864 remained,
615 3817 680 3851 vvere
711 3801 784 3851 uem)

171 3867 252 3915 selred
261 3867 294 3932 by
305 3866 371 3914 thern
380 3874 407 3913 tc
417 3879 500 3913 secure
513 3863 577 3913 their
585 3874 682 3917 remeat.
746 3876 757 3902 ⁰
777 3864 1221 3936 uuiua1rapeahrrycueagmt

204 3940 223 3964 ”¹
241 3930 453 3995 Expeditissims]
478 3928 514 3978 Ol
521 3929 604 3980 which
613 3947 683 3982 meu·
714 3932 855 3982 Numantia.

172 3996 329 4046 tionirclteu
340 3993 550 4046 mdeinAaiv.
747 4000 884 4064 ’Ceam
909 4013 1011 4050 m
1028 3998 1099 4065 luit]
1124 4001 1158 4051 8ο
1176 3998 1221 4050 Ν·
