2512 4372
25 233 30 241 .
92 182 159 253 sna
419 195 451 245 c.
477 193 664 264 coenatu
686 190 821 257 teum.
940 173 1153 267 [bv-tolli

95 317 169 395 Nec
191 315 325 401 perinde
337 314 515 399 dijudicari
533 321 640 399 potest
658 313 737 398 quid
754 312 923 397 optimum
940 311 1152 398 factusueqit,

96 424 193 488 quarn
209 402 380 486 pessimum
392 401 493 467 fuisse
507 403 593 485 quod
608 402 729 467 factum
745 407 808 465 est.
963 480 966 485 ¹
984 458 989 473 ,.
1016 448 1023 455 -

110 546 113 551 .
139 490 194 553 40.
217 489 294 553 Nou
318 497 356 551 ut
378 487 418 551 ad
444 508 598 570 pugnam,
623 487 680 563 sed
705 485 746 551 ad
770 484 996 561 bellandum,‘
1017 482 1150 571 prefecti

97 576 314 643 confluentes!
351 571 436 637 Padi
465 584 499 637 et
529 572 660 637 Adduae
692 570 878 651 fluminum,
908 574 1058 651 sedecim
1090 570 1152 649 iqde

97 660 235 725 millium
271 659 375 743 spatio
409 658 574 731 distantes,
604 657 778 741 petebant;
815 658 919 724 Celso
951 667 990 723 et
1019 656 1151 739 Paullinc

99 746 324 823 abnuentibus,
360 743 516 808 ‘militem
545 744 660 807 itinere
690 745 823 818 sessum,
848 745 1149 829 sarcinisqrarem,

99 832 238 916 objicere
254 829 348 907 hosti,
362 850 426 893 non
448 830 636 909 admissuro,
650 830 819 912 quominus
841 830 1037 913 expeditus,
1052 831 1151 911 etgvix

99 927 239 1004 quatuor
260 916 363 981 millia
383 928 555 999 passuum¹
576 914 773 999 progressus,
791 923 850 978 ant
873 914 1149 1002 incompositosdn

100 1003 241 1087 agmine,
257 1011 314 1067 aut
329 1002 490 1085 dispersos
512 1009 547 1064 et
568 1001 685 1065 vallum
708 1001 879 1065 molientes
904 1001 1151 1087 adgrederetur!

100 1090 247 1155 Titianus
275 1097 310 1152 et
338 1087 508 1165 Proculus,
539 1087 594 1151 ubi
622 1087 760 1153 consiliis
790 1087 1019 1161 vincerentur,
1049 1086 1151 1171 adju

100 1176 228 1260 imperii
256 1173 444 1239 transibant.
503 1171 631 1237 Aderat
659 1195 733 1237 sane
758 1171 843 1238 citus
872 1195 963 1258 equo
996 1170 1152 1239 Numida·

102 1283 177 1327 oum
202 1260 364 1325 atrocibus
387 1259 555 1334 mandatis,
572 1259 688 1344 quibus
719 1257 819 1334 Otho,
837 1259 1006 1344 increpita
1028 1261 1151 1329 ‘ducun

102 1347 251 1430 segnitia,
267 1366 335 1410 rem
352 1345 385 1409 in
408 1344 578 1411 discrimen
601 1344 703 1410 mitti'
722 1345 879 1430 jubebat;
904 1368 998 1430 ager
1020 1352 1152 1427 morant

102 1434 172 1515 spei
184 1430 364 1512 impatiens.

145 1519 200 1583 41.
225 1516 349 1581 Eadem
373 1516 438 1595 die,
465 1519 508 1583 ad
538 1517 710 1592 Caecinam,
737 1519 829 1602 operi
851 1518 961 1601 pontis
992 1519 1150 1588 intentum.

103 1604 168 1667 duo
192 1603 420 1687 praetoriarum-
435 1603 615 1669 cohortium
640 1604 773 1680 tribuni,
788 1603 988 1688 colloquium
1006 1606 1080 1690 ejus
1088 1624 1152 1688 pos

103 1691 255 1763 tulantes,
272 1698 440 1753 venerunt.
485 1687 612 1754 Audire
628 1689 826 1754 conditiones
845 1711 884 1755 ao
908 1690 1049 1755 reddere
1071 1710 1153 1775 part·

102 1777 170 1856 but,
194 1797 267 1841 oum
285 1775 475 1859 praecipites
501 1776 720 1859 exploratores
746 1777 859 1840 adesse
882 1775 1012 1841 bostem
1037 1774 1155 1849 nuum·

105 1884 193 1927 vere.
251 1860 457 1944 Interruptus
486 1861 687 1926 tribunorum
716 1883 839 1926 sermo:
870 1883 978 1947 eoque
1007 1862 1154 1943 incertum

104 1949 180 2019 fuit,
196 1947 325 2011 insidias
346 1969 386 2010 au
411 1948 636 2031 proditionem,
652 1943 704 2012 vel
729 1946 863 2030 aliquod
889 1947 1065 2013 honestum
1089 1968 1155 2017 con·

105 2032 213 2097 silium
240 2033 465 2115 coeptaneriut.
511 2032 655 2113 Caecina,
679 2032 817 2098 dimissis
839 2032 992 2108 tribunis,
1015 2042 1157 2101 revectus

105 2120 139 2181 io
156 2127 271 2191 castra,
288 2120 400 2183 datum
418 2120 513 2202 jussu
539 2117 633 2184 Fabii
660 2116 808 2183 Valentis
833 2140 953 2203 pngnae
979 2120 1108 2205 signum
1128 2126 1157 2183 et

105 2204 241 2271 militem
269 2204 302 2267 in
323 2204 419 2269 armis
441 2204 574 2271 invenit.
621 2204 711 2268 Dum
732 2204 876 2290 legiones
898 2206 941 2271 de
963 2209 1091 2281 ordina·
1107 2226 1156 2289 ag·

106 2291 201 2355 ruinis
216 2292 403 2366 sortiuntur,
419 2291 546 2373 equites
570 2311 768 2373 prorupere;
802 2299 848 2367 et,
873 2290 993 2355 mirum
1018 2293 1158 2379 dictus

106 2376 309 2461 paucioribus
326 2375 518 2440 Othonianis
533 2377 702 2460 quominus
716 2377 749 2440 in
766 2377 883 2451 vallum
897 2376 1157 2463 impingerentur,

109 2462 386 2545 Italicaelegionis
402 2462 521 2527 virtute
537 2462 682 2526 deterriti
707 2469 803 2527 sunt:
826 2484 876 2539 ea,
892 2464 1016 2529 strictis
1040 2485 1160 2531 mucro·

109 2549 215 2621 nibus,
231 2548 337 2611 redire
353 2547 459 2630 pulsos
476 2555 511 2610 et
535 2568 674 2632 pugnam
697 2569 858 2612 resumere
880 2548 1001 2633 coegit.
1052 2548 1160 2635 Dispo

109 2635 173 2699 sita
195 2632 440 2698 Vitellianarum
464 2633 626 2716 legionum
650 2634 734 2698 acies
759 2634 828 2698 sine
852 2635 1091 2718 trepidatione:
1118 2645 1162 2701 et·

105 2721 206 2795 enim,
232 2740 427 2802 quamquam
449 2719 554 2783 vicino
578 2718 681 2799 hoste,
703 2727 851 2803 aspectus
873 2741 1038 2786 armorum
1062 2722 1162 2787 denus

111 2805 249 2870 arbustis
279 2804 523 2888 prohibebatur:
562 2806 649 2889 apud
680 2803 890 2882 Othonianos,
918 2806 1032 2891 pavidi
1060 2809 1160 2881 duces,

145 3030 158 3051 ¹
175 3019 216 3068 Ad
226 3017 371 3081 tedoadum]
387 3016 422 3065 To
436 3029 450 3063 a
462 3015 569 3064 decisivo
582 3031 625 3065 eu·
657 3018 739 3065 would
760 3023 823 3065 mort
840 3016 960 3085 certainly
980 3023 1064 3071 etmel
1084 3021 1164 3072 onst

114 3093 243 3147 gsgsment
261 3084 341 3132 wbicb
368 3080 455 3129 slronld
482 3082 555 3129 settle
582 3081 625 3129 the
658 3089 749 3146 troops,
765 3082 844 3130 which
865 3098 930 3132 wera
951 3098 984 3132 ou
1006 3087 1071 3136 tber'r
1089 3088 1163 3135 arth

112 3156 215 3195 contest.
248 3147 354 3213 Perhaps
370 3147 391 3196 it
406 3159 454 3194 war
469 3145 626 3210 formerlyud
658 3148 706 3194 end
727 3147 753 3195 in
775 3146 892 3202 dicordet,
914 3162 943 3196 or
968 3148 1097 3214 dispersed
1122 3149 1165 3199 ond

112 3212 282 3261 debellandum.
658 3212 787 3274 employed
797 3217 823 3259 at
830 3211 874 3259 tlte
883 3210 1089 3265 iouenchmeutr.

147 3284 160 3315 ν
178 3274 268 3338 Confi]
286 3276 350 3324 Now
362 3276 440 3325 Becco
450 3273 557 3331 d’Addo,
569 3288 626 3322 near
690 3285 703 3309 ⁰
720 3276 841 3340 Numida]
858 3276 889 3323 In
899 3277 1020 3327 mistim
1035 3282 1064 3329 ot
1078 3280 1166 3329 amn

114 3337 304 3387 Castelllluovo.
331 3340 445 3388 Plutarch
454 3341 557 3387 rechons
568 3339 625 3401 only
659 3340 746 3405 luxury
761 3342 830 3389 there
846 3356 897 3388 was
910 3342 1028 3406 trequm
1042 3360 1087 3394 nse
1103 3344 1165 3395 ude

115 3403 203 3452 twelse
213 3402 295 3459 miles;
306 3403 385 3452 which
393 3404 453 3452 does
460 3414 505 3452 not
513 3405 577 3451 mark
585 3403 627 3450 the
658 3404 687 3452 of
701 3405 804 3453 conrlers
819 3405 868 3453 aad
884 3406 1019 3456 Nummi-n
1038 3410 1166 3459 hm.

115 3469 222 3516 dietam
232 3475 258 3512 to
269 3467 309 3513 tbe
323 3469 420 3516 eonflnx
430 3469 458 3517 cf
470 3468 513 3516 the
528 3469 564 3516 Po
581 3469 627 3515 and
661 3469 747 3517 Hence
770 3470 827 3518 Sen.
846 3469 924 3531 Epist.
944 3472 1032 3522 cxxiii.
1063 3474 1167 3523 ‘oua

115 3536 157 3581 tlte
169 3530 250 3590 Addo,
260 3529 303 3577 but
312 3532 353 3578 the
363 3540 447 3580 sxtsru
457 3533 484 3580 ol
494 3533 538 3580 the
548 3534 628 3580 march
657 3534 706 3598 jam
723 3535 759 3582 sio
775 3535 966 3597 peregrinantur,
977 3544 1006 3586 ut
1022 3539 1079 3587 illos
1089 3539 1168 3587 Numi·

116 3595 233 3646 intended
243 3604 268 3643 to
279 3594 309 3642 be
321 3597 393 3721 takqn
403 3597 437 3707 pp
450 3597 535 3644 Orbo’s
546 3612 619 3662 army.
661 3601 744 3647 derum
754 3606 884 3662 prasumat
896 3600 1032 3665 equitatus,
1045 3612 1074 3651 ut
1089 3616 1167 3667 agneo

150 3663 367 3721 2Vtx1v.m.p.
428 3661 537 3708 itelliur’s
551 3676 629 3726 army,
661 3664 936 3724 cursoromauteoedat;
952 3672 1025 3728 turpe
1040 3668 1169 3722 sermullor

117 3723 321 3780 uueocornbered,
328 3721 376 3770 and
383 3723 447 3771 fresh
456 3724 539 3771 fromn
550 3727 631 3774 march
663 3742 725 3783 esse,
736 3727 776 3790 qui
787 3734 941 3776 occurrentes
948 3731 989 3777 vis
1000 3730 1121 3795 dejiriant,
1132 3730 1168 3793 qni

117 3793 145 3839 ot
152 3791 260 3854 scarcely
269 3789 324 3837 tour
332 3788 402 3836 milet
412 3788 473 3836 from
481 3789 543 3836 tbeir
551 3804 630 3853 camp,
662 3792 789 3840 honestum
801 3792 919 3842 bominem
930 3795 1013 3844 venire
1024 3810 1113 3863 magno
1121 3796 1169 3863 prl-

118 3856 199 3905 uhich
221 3870 271 3905 was
292 3860 335 3902 not
354 3852 391 3902 tar
416 3853 477 3903 from
504 3853 630 3913 Cremona,
664 3855 873 3906 versarentur:
