2512 4372
54 184 198 267 s.c.50.]
377 200 583 253 suusuruu
609 200 682 249 uin.
706 200 781 249 xrs.
1062 184 1107 251 2³

53 327 165 383 cuncta
187 318 279 383 nobis
303 318 497 401 importuna,
520 327 554 381 et
575 318 643 383 suis
665 318 698 381 in
720 317 834 381 melius
856 328 972 383 essent.
1015 318 1108 385 Tunc

53 405 212 469 montibus
232 406 352 479 arduis,
375 406 420 477 dt,
441 404 549 486 siqua
569 404 743 467 clementer
762 403 873 467 accedi
896 414 1054 487 poterant,
1075 409 1107 471 iu

53 490 180 554 modurn
208 489 284 555 valli
311 510 392 555 saxu
412 490 593 573 praestruit:
617 499 651 553 et
675 490 860 571 praefluebat
883 491 1002 555 amnis'
1025 494 1107 556 vado

53 574 186 653 incerto,
217 589 412 659 catervaque
440 574 613 659 majorum'
642 596 700 657 pro
726 576 931 639 munimentis
959 580 1108 643 constite-

55 670 134 725 rant.

92 745 149 813 34.
174 744 231 809 Ad
257 745 317 809 boc
341 745 484 829 gentium
507 746 679 809 ductores*
701 745 882 819 circumire,
903 746 1034 821 hortari,
1055 748 1108 812 tir·

54 854 140 897 snare
165 832 301 906 animos,
327 832 500 896 minuendo
527 842 626 907 metu,
650 831 853 895 accendenda
880 854 948 915 spe,
973 834 1109 917 aliisque

55 918 126 983 belli
150 918 378 981 incitamentis.
423 916 597 981 Enimvero
621 917 818 981 Caractacus
845 916 907 981 buc
933 917 1007 981 illuc
1032 922 1110 983 voli·

55 1014 134 1077 runs,
161 1004 280 1067 ‘illum
299 1003 397 1076 diem,
420 1003 506 1067 illam
529 1003 651 1077 aciem,'
676 1002 865 1077 testabatur,
887 1012 968 1067 ‘aut
989 1006 1109 1087 recipe·

55 1090 162 1155 randae
175 1088 347 1167 libertatis,
364 1097 420 1153 aut
435 1088 599 1151 servitutis
614 1096 744 1151 eternae
759 1087 887 1151 initium
901 1088 990 1153 fore:
1016 1112 1110 1155 voca·

55 1177 173 1259 batque
192 1174 321 1239 nomina
344 1173 512 1257 majorum,
535 1173 592 1257 qui
614 1172 801 1237 dictatorem
824 1172 986 1239 Caesarem
1010 1198 1110 1259 pepu-

56 1260 187 1325 lissent:
223 1281 360 1344 quorum
392 1260 511 1323 virtute
541 1258 635 1323 vacui
664 1280 684 1321 a
713 1259 877 1323 securibus
905 1270 939 1325 et
969 1262 1109 1339 tributis,

56 1346 246 1411 intemerata
280 1345 452 1429 conjugum
482 1353 515 1408 et
551 1344 722 1409 liberorum
752 1365 885 1427 corpora
915 1346 1111 1411 retinerent!

58 1430 142 1495 Haec
161 1439 263 1515 atque
282 1430 360 1497 talia
379 1430 511 1509 dicenti,
532 1431 716 1512 adstrepere
734 1430 868 1511 vulgus;
891 1432 1004 1513 gentili
1023 1435 1110 1515 quis·

57 1539 118 1600 que
144 1517 299 1629 religione
325 1516 491 1601 obstringi,
520 1525 607 1581 ‘non
636 1516 719 1593 telis,
748 1536 810 1579 non
834 1517 1018 1581 vulneribus
1043 1542 1112 1583 ces·

57 1624 155 1667 suros.

97 1688 155 1753 35.
178 1686 408 1772 Obstupefecit
427 1708 466 1751 ea
487 1686 635 1751 alacritas
657 1687 770 1752 ducem
793 1686 992 1751 Romanum:
1016 1689 1112 1753 simul

58 1774 204 1858 objectus
228 1774 355 1847 amnis,⁰
377 1760 523 1837 additum
546 1773 675 1845 vallum,
702 1773 898 1837 imminentia
916 1772 1009 1855 juga,
1034 1776 1112 1840 nihil

58 1862 115 1923 uisi
145 1868 240 1925 atrox
269 1867 304 1923 et
335 1860 624 1943 propugnatoribus
653 1859 816 1943 frequens,
848 1859 999 1925 terrebat.
1046 1860 1112 1925 Sed

59 1944 150 2010 miles
185 1944 332 2029 praelium
366 1965 508 2027 poscere,
543 1954 683 2007 ‘cuncta
714 1946 833 2009 virtute
864 1946 1113 2028 expugnabilia,'

59 2030 240 2105 clamitare;
262 2030 473 2114 praefectique
493 2051 529 2094 ac
551 2030 670 2094 tribuni
692 2033 780 2113 paria
799 2031 1001 2103 disserentes,
1021 2034 1112 2095 ardo·

59 2138 126 2181 rem
144 2117 310 2181 exercitus
331 2115 552 2179 incendebant.
596 2115 679 2179 Tum
697 2115 858 2191 Ostorius,
875 2116 1114 2199 circumspectis

61 2224 132 2286 quae
142 2200 409 2284 impenetrabilia,
422 2223 561 2284 quaeque
576 2201 697 2284 pervia,
711 2203 800 2264 ducit
812 2202 961 2277 infensos,
974 2223 1114 2264 amireor-

60 2310 123 2371 que
138 2288 223 2351 baud
238 2287 409 2350 difficulter
424 2287 542 2351 evadit.
574 2286 642 2350 Ubi
656 2295 786 2350 ventum
801 2288 841 2350 ad
857 2307 1019 2369 aggerem,
1036 2288 1112 2351 dum

60 2374 231 2437 missilibus
254 2375 447 2446 certabatur,
473 2373 545 2455 plus
565 2372 731 2436 vulnerum
752 2374 785 2436 io
806 2394 873 2444 nos,
895 2382 928 2433 et
953 2372 1114 2456 pleraeque

61 2459 163 2524 cedes
177 2460 372 2523 oriebantur.
416 2458 644 2541 Posteaquam,
661 2458 748 2523 facta
768 2456 957 2535 testudinc,¹
971 2458 1066 2521 rudes
1081 2469 1115 2523 et

62 2544 210 2609 informes
240 2566 390 2609 saxorum
422 2565 589 2627 compages
615 2546 788 2620 distractae,
820 2564 942 2626 parque
971 2546 1114 2611 cominus

63 2631 164 2706 acies3
180 2631 338 2694 decedere
354 2630 478 2695 barbari
492 2632 525 2693 in
540 2630 619 2713 juga
636 2631 816 2693 montium!
852 2631 916 2693 Sed
933 2650 972 2692 eo
986 2652 1116 2716 quoqne

62 2717 213 2802 inrupere
242 2716 453 2781 ferentarius¹
482 2715 653 2801 gravisque
682 2716 793 2782 mites:
827 2715 873 2779 illi
903 2716 976 2780 telis
1009 2717 1116 2781 adsul-

64 2924 102 2974 ue
114 2924 200 2986 Clunr,
210 2924 281 2972 flows
290 2923 342 2971 into
357 2924 397 2972 tha
409 2923 471 2970 river
480 2920 573 2979 Temd;
605 2920 723 2969 minutior
731 2921 808 2985 justly
820 2922 891 2970 meda
902 2922 934 2985 by
945 2922 1050 2985 Lipsius.

62 2988 293 3038 sndthetehillof
306 2989 402 3036 ancient
416 2986 472 3035 dete
488 2986 509 3034 is
524 2985 573 3034 still
637 2993 650 3018 e
668 2985 866 3045 Otjertsrunrnis
897 2986 946 3035 Tlre
957 2988 1037 3037 Ternd.

62 3052 575 3116 snmmhicuunyceucaer-ciracoc.
637 3058 651 3082 ³
663 3051 739 3100 Furta
750 3052 869 3101 testudine
897 3049 1115 3103 'l'hirisnottcbe

94 3126 104 3151 ³
117 3115 359 3182 Praeflseheternnr's]
374 3115 574 3164 Therirer'l‘em·
605 3114 752 3163 understood
764 3116 791 3163 of
802 3123 884 3178 troops
894 3115 974 3163 drsnn
986 3131 1018 3179 op
1029 3116 1054 3164 in
1065 3123 1118 3167 thet

64 3181 256 3241 casulam.
271 3179 573 3229 'l'hstthefordssrehere
605 3178 675 3242 form,
692 3179 778 3227 hotot
794 3180 835 3228 tha
853 3180 962 3228 machina
979 3182 1057 3229 called
1075 3183 1116 3233 the

64 3246 92 3295 of
98 3246 222 3296 uncertain
229 3247 356 3310 dapth,rre
362 3246 427 3295 leem
434 3244 495 3293 from
501 3242 574 3293 Csrs·
606 3242 739 3299 ‘testudo,'
748 3245 775 3292 ot
785 3244 861 3292 ebich
873 3244 961 3309 Vrget.
972 3245 1004 3301 iv,
1015 3249 1055 3295 14.
1076 3248 1117 3313 By

65 3314 121 3366 deo,
133 3312 182 3360 hc.
606 3307 628 3356 it
637 3307 701 3371 pilas
710 3308 737 3356 of
744 3316 825 3357 stones
834 3324 892 3356 were
902 3309 1019 3357 lerelled:
1031 3312 1120 3363 cusa.

95 3377 273 3438 ‘Cumque
288 3371 414 3435 inriorem]
430 3371 444 3421 1
460 3372 529 3421 think
543 3386 576 3421 no
640 3373 737 3436 tdugc
752 3374 880 3438 montium]
905 3372 996 3421 Which
1013 3389 1053 3422 are
1072 3392 1117 3424 un-

65 3440 156 3504 change
166 3440 188 3488 is
197 3439 256 3488 bere
265 3453 403 3503 necessary.
432 3437 575 3485 Thenresn·
606 3452 702 3485 merous
720 3438 829 3486 between
852 3439 893 3485 tbe
914 3439 1008 3503 springs
1028 3439 1057 3487 of
1077 3441 1118 3490 che

64 3504 105 3569 ing
117 3506 146 3562 is,
155 3506 212 3553 thet
226 3506 268 3552 the
285 3504 361 3552 hands
371 3503 399 3551 of
410 3502 452 3551 the
467 3501 508 3549 old
526 3502 574 3549 sud
606 3503 682 3550 rivers
692 3503 768 3552 Clare
778 3505 825 3552 und
838 3503 919 3552 Ternd.

64 3570 178 3633 principe}
188 3569 301 3618 wsrrion
310 3576 348 3615 sat
358 3568 429 3616 down
442 3567 524 3615 before
535 3568 576 3614 the
637 3574 650 3601 ¹
669 3567 846 3679 Ferentcriusp
857 3568 874 3616 i.
886 3582 908 3617 e.
920 3567 948 3615 of
962 3566 1022 3629 light
1032 3583 1119 3619 mmor.

63 3634 235 3683 fornicatione.
280 3635 382 3683 Cutem
407 3632 575 3688 concuterent,
609 3630 697 3693 Veget.
707 3631 725 3687 i,
735 3637 776 3681 2⁰.
805 3638 812 3660 ⁶
838 3632 1064 3692 'rsutauternepud
1077 3650 1118 3682 ve·

65 3699 114 3747 like
126 3700 255 3762 ‘juventus
266 3695 399 3757 invadunt‚’
409 3698 450 3746 ch.
461 3699 503 3746 ro.
607 3704 671 3743 teres
678 3696 741 3744 inter
749 3696 853 3759 pedites,
863 3696 904 3758 qui
912 3696 1051 3743 dicebantur
1059 3696 1119 3745 levis

96 3771 111 3796 ⁸
127 3765 243 3815 Gentium
259 3763 381 3827 ductores]
402 3760 453 3809 The
470 3759 576 3817 Britons,
607 3772 739 3816 armature,
750 3761 884 3808 funditores
894 3770 919 3808 et
929 3758 1062 3820 ferentarii3
1077 3761 1120 3824 qui

66 3824 113 3877 like
124 3830 164 3877 tbe
175 3828 263 3883 Gsuls,
274 3828 372 3891 srrayed
387 3826 450 3873 their
463 3839 529 3887 army
541 3824 576 3886 by
608 3824 728 3888 precipue
743 3824 768 3871 in
783 3825 895 3873 cornibus
911 3825 1056 3877 locabantur,
1068 3832 1094 3871 et
1103 3838 1119 3871 s

67 3892 146 3948 tribes,
157 3892 211 3941 that
228 3891 270 3939 the
281 3898 389 3954 separate
401 3889 466 3938 valor
475 3889 502 3937 ot
516 3890 575 3935 ench
606 3890 694 3952 quihus
704 3888 826 3952 pugnandi
834 3888 971 3936 sumebatur
979 3888 1118 3934 exordium:

63 3956 141 4021 ,piger
160 3959 190 4007 hc
208 3955 334 4020 distiucdy
351 3953 464 4005 noticed:
487 3967 518 4002 an
532 3953 575 4001 cb·
606 3953 651 4002 sed
671 3955 698 4002 hi
717 3953 860 4002 velocissimi
881 3961 907 4002 et
927 3950 1120 4001 exercitatissimi
