2512 4372
59 209 216 299 s.c,65.]
381 227 589 275 suasurum
613 227 685 278 nra.
710 229 792 277 xvi.
1044 214 1109 282 195

58 348 227 430 provenire
242 351 379 411 terram*
400 356 434 410 et
453 349 562 412 obvias
584 370 659 431 opes
681 350 806 412 deferre
828 347 917 414 Deos
930 351 1110 436 :’·qua'cqu·e

59 435 135 513 alia,
148 455 270 498 summa
281 435 429 498 facundia
443 456 502 498 nec
517 435 846 518 minoreadulatione,
863 438 991 503 servilia
1006 439 1107 524 finge·

59 521 149 595 baut,
166 521 269 583 securi
285 522 325 584 dc
340 521 495 585 facilitate
509 523 679 588 credentis.

102 607 136 671 3.
161 606 324 671 Gliscebat
349 608 476 671 iuterim
498 608 628 672 luxuria
641 630 698 693 spe
714 609 810 683 inani,
826 612 1112 676 consumebantur-.
1145 642 1147 647 ⁸

59 715 126 777 que
142 705 268 757 veteres
291 692 398 775 opes,²
419 695 509 778 quasi
531 696 655 768 oblatis,
680 718 759 780 quas
786 695 903 760 multos
929 719 995 781 per·
1009 702 1107 764 annos

60 782 257 864 prodigeret.
303 780 391 859 Quin
415 790 449 844 et
470 782 544 844 inde
555 783 623 866 jam
637 783 851 864 largiebatur:
875 793 909 848 ct
923 784 1108 850 divitiarum

55 867 246 950 'expectatio
273 866 357 930 inter
384 890 495 932 causas
521 869 716 952 paupertatis
745 869 896 953 publicae*
912 879 998 933 erat:
1035 893 1107 936 nam

61 955 196 1028 Bassus,
214 955 327 1017 effosso
351 975 427 1037 agro
449 977 506 1017 suo
528 955 665 1040 latisque
680 956 799 1020 circum
815 955 909 1030 arvis,
926 958 1004 1020 dum
1020 957 1106 1022 hune

61 1040 220 1104 velillum
243 1041 345 1103 locum
368 1041 512 1124 promissi
530 1063 643 1125 specus
663 1043 840 1122 adseverat,
864 1053 1108 1128 sequunturque

62 1147 126 1190 non
150 1128 242 1190 modo
261 1127 390 1206 milites,
411 1129 465 1191 sed
490 1129 624 1212 populus
639 1131 823 1213 agrestium,
840 1129 1006 1194 efficiendo
1020 1131 1106 1214 operi

62 1214 241 1286 adsumtus,
266 1215 405 1288 tandem,
429 1217 529 1297 posita
552 1218 707 1291 vecordia,
734 1225 821 1279 ‘nou
843 1216 924 1280 falsa
938 1226 1013 1281 ante
1028 1239 1111 1281 som·

54 1301 117 1363 'nia
132 1322 199 1373 sua,
222 1322 321 1383 seque
345 1309 419 1364 tuno
446 1301 582 1382 primum
602 1302 747 1381 elusum,’
769 1304 938 1381 admirans,
955 1304 1109 1387 pudorem

62 1399 98 1454 et
121 1396 241 1450 metum
266 1397 367 1450 morte
393 1388 571 1452 voluntaria
599 1390 724 1472 effugit.
770 1388 922 1468 Quidam,
944 1390 1110 1457 ‘vinctum

62 1495 101 1537 ac
132 1494 206 1536 mox
232 1473 419 1558 dimissum,'
442 1474 612 1550 tradidere,
644 1476 801 1540 ‘ademtis
825 1476 925 1553 bonis,
947 1476 981 1540 in
1005 1476 1111 1542 locum

63 1560 163 1643 regiae
181 1560 293 1642 gazae!
571 1568 574 1572 ’
1088 1607 1091 1616 -

106 1647 140 1710 4.
165 1645 295 1724 Interea
318 1655 458 1726 senatus,
481 1646 657 1732 propinquo
674 1647 742 1731 jam
758 1646 881 1711 lustrali
896 1649 1112 1727 certamine*

64 1741 102 1801 ut
116 1732 258 1796 dedecus
282 1740 476 1806 averteret’·
499 1732 593 1798 offert
620 1733 811 1817 Imperatori
835 1735 1023 1806 ‘uictoriam
1037 1758 1112 1801 can·

64 1820 143 1899 tirs,'
166 1819 278 1903 adjicit
300 1820 478 1884 ‘facundiae
500 1821 675 1899 coronam,’
699 1841 764 1903 qua
783 1820 906 1886 ludicra
927 1822 1113 1894 deformitas

70 1944 76 1950 -
96 1980 110 2014 ¹⁸
130 1983 261 2033 Prcomire
280 1980 380 2044 terram]
408 1980 456 2030 For
479 1981 505 2029 in
524 1982 572 2030 this
605 1979 701 2029 tissimis
726 1981 843 2044 specubus
869 1980 971 2046 abditos,
992 1995 1020 2031 ac
1041 1997 1112 2049 posse

63 2049 147 2112 happy
166 2063 209 2112 ege
227 2048 254 2095 of
268 2048 342 2104 Nero,
359 2062 419 2095 esen
440 2048 482 2095 the
504 2047 572 2095 earth
604 2046 656 2093 erui
666 2048 764 2109 parvula
775 2047 924 2095 molientium
936 2047 1024 2109 opera?

62 2113 168 2176 brought
187 2113 249 2161 forth
271 2113 326 2160 with
346 2112 446 2160 unusual
465 2112 572 2160 richness
637 2118 656 2143 ¹⁸
673 2112 780 2162 [australi
792 2112 863 2175 σενι]
880 2112 932 2159 Tbe
943 2113 1115 2177 quinquennitl

63 2178 221 2242 productione
242 2178 270 2226 ol
290 2177 355 2242 gold,
382 2178 429 2226 and
451 2180 491 2223 the
513 2179 573 2240 gods
605 2190 695 2239 gemes,
725 2191 781 2224 now
819 2177 965 2241 celebrating
1001 2179 1042 2226 the
1077 2190 1114 2227 se·

63 2242 219 2299 themselves,
240 2242 285 2290 dcc.
313 2243 380 2290 Thus
397 2242 439 2290 did
455 2242 497 2289 the
534 2259 573 2290 er·
604 2240 667 2289 cond
678 2241 784 2290 lustrum.
805 2242 842 2290 Aa
855 2241 951 2290 Tacitus
966 2241 989 2289 is
1005 2242 1071 2299 here,
1087 2258 1113 2291 aa

63 2316 178 2420 qufgerate
189 2307 487 2421 ffle‘riqhestobtetderppe
514 2306 573 2418 [ἔσω
605 2304 866 2418 gsuql,brief,‘1cwill
882 2307 930 2354 cite
947 2322 962 2383 q
977 2305 1116 2421 litim

100 2389 157 2420 rr.
220 2386 372 2421 eorsrsnc
411 2386 426 2419 o
487 2387 573 2420 uner-
623 2385 749 2418 neamus:
813 2386 853 2418 um
880 2386 918 2418 ma
950 2386 959 2419 t
986 2385 1019 2418 as
1064 2385 1079 2419 a

64 2383 181 2487 ttondit
194 2440 261 2485 other
276 2437 369 2495 metals,
388 2439 429 2485 but
446 2436 473 2484 oi
488 2437 573 2491 mines,
605 2441 710 2491 cantare,
721 2435 794 2484 etiam
802 2386 1115 2498 RomeNiibnecmagoua

63 2503 172 2566 ‘quibus
185 2503 309 2551 confusum
325 2511 363 2550 est
379 2500 477 2550 aurum!
499 2501 574 2567 Pliny
605 2509 662 2548 ante
679 2501 833 2562 praestitutam
840 2499 904 2548 diem
915 2500 1051 2549 revocarit:
1073 2501 1117 2550 ila·

63 2568 122 2616 thus
130 2583 187 2616 uses
196 2568 237 2616 the
247 2568 313 2615 word
325 2567 350 2614 iu
361 2581 433 2631 marty
444 2567 534 2629 places.
605 2565 782 2628 gitautibusque
793 2565 887 2614 cunctis
894 2566 1116 2623 coelestemvocetn,

79 2646 82 2651 '
96 2631 107 2666 ²
127 2633 180 2684 Va.
189 2634 255 2698 opes]
280 2632 341 2680 This
359 2632 380 2679 is
397 2630 529 2679 illustrated
540 2631 574 2695 by
604 2630 730 2693 respondit
739 2630 846 2694 quidem,
860 2631 887 2679 in
897 2631 970 2679 hortis
980 2644 1008 2679 se
1018 2631 1116 2695 copiam

63 2697 135 2746 Suet.
145 2698 206 2746 Ner.
216 2702 258 2747 ³1·
284 2698 351 2745 Nero
373 2697 515 2745 ‘inchoabat
526 2697 573 2759 pis·
605 2695 740 2744 volentibus
765 2695 897 2744 iacturum:
923 2697 966 2744 sed
985 2694 1115 2758 adjuvante

64 2763 145 2812 cinam
159 2777 175 2810 a
189 2762 286 2811 Miseno
303 2762 334 2809 ad
350 2762 473 2809 Avernum
488 2761 575 2816 lacum,
607 2753 673 2824 vulgi
692 2775 775 2823 preces
791 2761 863 2808 etism
881 2761 982 2808 statione
1001 2760 1115 2826 militum,

65 2837 210 2887 contectam,
222 2827 349 2890 porticibus
366 2828 511 2881 conclusam,
528 2841 576 2889 quo
607 2841 661 2889 quas
672 2832 729 2873 tunc
739 2825 882 2882 excubabat,
895 2833 1116 2892 repraesentaturum

64 2891 183 2958 quidquid
202 2895 258 2940 totis
274 2892 341 2940 Baiis
356 2891 484 2940 calidarum
502 2901 576 2948 esset,
608 2906 635 2938 se
647 2889 769 2953 pollicitus
779 2899 817 2938 est
825 2891 917 2939 libens:
936 2906 965 2940 ac
982 2890 1034 2941 siue
1051 2904 1117 2940 mont
1144 2929 1158 2943 e

65 2966 264 3006 converteretur:
305 2958 391 3005 fossam
420 2957 452 3004 ab
478 2956 576 3004 Averno
607 2970 695 3004 nomen
710 2969 780 3003 suum
796 2956 822 3003 in
838 2955 894 3004 albo
909 2955 1069 3018 profitentium
1082 2955 1117 3005 ἀὲ

66 3022 161 3072 Ostiam
176 3037 261 3086 usque,
273 3023 419 3084 utnavibus,
436 3036 481 3069 nec
496 3028 576 3070 tamen
609 3020 767 3068 theroedorum
780 3019 853 3083 jussit
869 3019 983 3083 adscribi,
992 3021 1115 3069 sorticuls'-

64 3089 126 3136 mari
144 3087 226 3145 iretur,
238 3086 402 3149 longitudinis,
421 3101 464 3148 per
480 3096 576 3134 centum
607 3100 654 3149 que
664 3085 690 3132 in
700 3100 782 3133 urnam
794 3100 849 3133 cum
860 3085 1068 3143 constudentem,
1079 3085 1117 3135 ia·

65 3152 195 3218 sexaginta
230 3152 321 3210 millia3
359 3151 497 3208 latitudinis,
528 3167 576 3215 qua
608 3149 680 3198 travit
700 3149 783 3197 ordine
803 3164 856 3206 suc,
874 3148 991 3213 simulque
1009 3150 1118 3215 praetacti

51 3217 191 3267 -ccntrariae
208 3218 389 3282 quinqueremes
407 3224 575 3264 commearent.
609 3214 710 3277 praetorii
740 3214 854 3262 citharam
881 3214 1034 3271 sustinentes,
1062 3225 1119 3280 post

66 3283 179 3341 Quorum
195 3297 292 3345 operum
310 3281 505 3346 perficiendorum
523 3296 574 3345 gra·
606 3279 699 3327 tribuni
718 3279 830 3336 militum,
850 3277 968 3344 juxtaque
989 3281 1118 3331 amicorum

65 3349 109 3405 tis,
133 3347 198 3412 quod
218 3348 307 3411 ubique
328 3355 392 3394 esset
413 3346 528 3394 custodite
549 3345 575 3395 in
607 3344 701 3392 intimi:
725 3354 797 3406 utque
809 3342 924 3403 constitit,
937 3353 1036 3408 peracto
1051 3347 1117 3408 prin·

63 3412 160 3461 Italiam
177 3413 306 3477 deportari,
323 3413 395 3459 etiam
412 3411 500 3459 scelere
519 3425 575 3458 con·
608 3408 678 3472 cipio,
689 3408 786 3457 Nioben
797 3418 991 3469 mentastrum,
1003 3411 1117 3475 perClu'·

64 3477 154 3535 victos,
163 3493 213 3526 nou
222 3477 268 3525 uisi
279 3479 308 3524 ad
321 3492 380 3540 opus
391 3476 506 3538 damnari,
517 3491 577 3539 prae-
608 3474 671 3521 vium
694 3473 786 3522 Rufum
802 3475 952 3524 consulerem
979 3475 1117 3540 pronuntia-

65 3552 175 3607 eeperat.
194 3542 248 3590 -Ad
267 3545 330 3590 hunc
346 3541 521 3604 impendiorum
540 3541 576 3588 lu·
609 3541 652 3599 vit,
664 3547 689 3587 et
700 3540 724 3587 in
740 3541 819 3588 horam
835 3540 886 3588 fere
902 3540 1019 3588 decimam
1036 3555 1117 3604 perse·

65 3623 153 3671 rorem,
168 3623 240 3672 super
256 3607 365 3654 fiduciam
382 3606 483 3668 imperii,
504 3605 576 3653 etiam
609 3603 715 3667 vetavit:
732 3619 889 3668 coronamque
900 3621 954 3654 eam
965 3614 990 3652 et
1001 3605 1117 3667 reliquam

65 3686 110 3737 spe
121 3672 223 3737 quadam
234 3671 360 3735 repentina
370 3671 537 3721 immensarum
552 3678 578 3718 et
610 3670 743 3717 certaminis
757 3680 851 3734 partem
868 3671 893 3717 in
910 3685 997 3719 anuum
1015 3673 1117 3732 sequen·

65 3739 239 3787 reconditarum
254 3752 325 3800 opum
342 3736 457 3799 impulsus
475 3743 527 3795 est;
547 3749 578 3782 ex
610 3744 659 3782 tem
676 3733 778 3791 distulit,
796 3742 822 3783 ut
837 3734 925 3798 sapius
937 3733 1118 3782 cauendiocca-

65 3803 160 3852 indicio
175 3802 264 3866 equitis
281 3801 386 3849 Romani
402 3816 444 3864 pro
456 3810 575 3859 comperto
608 3800 644 3847 sio
657 3798 739 3849 esset.’
755 3800 823 3848 Suet.
835 3800 895 3847 Ner.
906 3803 948 3848 at.
1156 3837 1161 3845 .

66 3868 215 3934 pollicentis,
249 3868 370 3914 thesauros
407 3865 575 3928 antiquissime
639 3872 653 3897 ¹·
670 3860 1119 3930 Ded.cc.]01tbaempsror'ssing·
1156 3885 1158 3888 ⁴

66 3948 143 3998 gaze,
153 3948 213 3998 quos
224 3931 290 3979 Dido
300 3931 387 3995 regina
399 3929 494 3992 lugiens
509 3929 576 3992 Tyro
607 3929 658 3995 ing.

12 4049 14 4052 ,
66 4012 151 4048 neum
163 3996 296 4062 extulisset,
309 4011 365 4045 csso
381 3994 408 4044 in
425 3995 508 4044 Africa
523 4009 576 4044 vas-
