2512 4372
154 219 221 287 ΞΜ
482 232 730 282 .c.·cnnn·sn11
745 230 895 280 rnorrr’
987 210 1210 298 [addim.

159 352 381 416 continendam
399 351 567 414 militarem
588 350 697 431 fidem,
712 370 771 415 nec
787 350 874 414 vitiis·
885 370 950 414 nec
962 349 1209 415 viribusmisce·

160 441 286 502 bantur.

168 567 171 573 ·
204 526 256 588 10.
283 524 398 588 Oriens
427 523 532 587 adbuc
560 523 733 586 immotus·
777 521 904 606 Syriam
932 528 967 585 et
996 532 1143 606 quatuor
1168 520 1209 584 le-

160 611 269 693 giones
285 611 447 674 obtinebat
468 609 609 672 Licinius
630 609 830 687 'Mucianus‘
852 611 901 672 vir
923 609 1073 672 secundis
1098 609 1209 672 adrer-

161 698 267 780 sisque
278 697 375 781 juxta
389 698 537 761 famosus.
575 694 721 779 Insignes
736 694 889 759 amicitias
899 695 1030 780 juvenis
1044 695 1221 758 ambitiose

160 783 320 846 coluerat:
358 805 443 858 mox,
474 782 592 846 attritis
621 783 743 866 opibus,
775 781 895 845 lubrico
932 790 1032 856 statu,
1063 784 1209 865 suspecto

161 871 258 933 etiam
289 869 418 934 Claudii
445 869 618 942 iracundia,
642 869 674 931 in
705 875 862 931 secretum
892 866 1002 932 Asiae⁸
1039 868 1207 951 repositus,

161 964 226 1020 tam
263 967 381 1041 propc⁶
417 955 457 1018 ab
491 954 588 1018 exule
623 955 698 1033 fuit,
729 957 970 1037 quam'postea
997 974 1017 1016 a
1049 954 1208 1036 Principe.

133 1043 134 1046 ’
162 1040 319 1117 Luxuria,
345 1041 509 1120 industria,
533 1041 693 1114 comitate,
718 1041 908 1123 arrogantia,
934 1038 1027 1104 malis
1058 1041 1208 1123 bonisque

160 1131 280 1193 artibus
298 1129 435 1192 mixtus:
458 1128 562 1190 nimiae
584 1126 776 1211 voluptates,
791 1148 863 1190 cum
887 1135 1038 1197 vacaret;
1062 1128 1208 1212 quotiens

161 1215 361 1299 expedierat,
391 1234 515 1296 magnae
544 1214 701 1277 virtutes:
732 1214 837 1296 palam
882 1213 1042 1287 laudares,
1087 1223 1208 1277 secreta

162 1302 245 1365 male
275 1301 471 1374 audiebant;
508 1300 564 1363 sed
587 1299 671 1383 apud
700 1300 871 1383 subjectos,
908 1301 995 1384 apud
1032 1300 1206 1382 proximos,

162 1389 247 1471 apud
263 1387 410 1471 collegas,
427 1387 524 1449 variis
538 1385 704 1449 inlecebris
726 1394 859 1470 potens;
888 1394 923 1451 et
945 1386 999 1449 cui
1025 1387 1207 1471 expeditius

159 1474 258 1537 fucrit
272 1475 398 1537 tradere
423 1471 603 1556 imperium,
624 1493 719 1557 quam
743 1474 896 1537 obtinere.
926 1471 1072 1537 Bellum
1096 1472 1206 1537 June·-

161 1582 233 1623 cum
255 1559 387 1623 Flavius
414 1558 630 1642 Vespasianus
663 1559 890 1643 (ducemeum
915 1556 1007 1622 Nero
1030 1559 1207 1644 delegerat)

158 1647 261 1710 trihus
297 1641 492 1729 legionibus⁶
528 1645 778 1713 administrabat.
820 1644 898 1709 ¹Nec
925 1644 1125 1728 Vespasiano
1155 1645 1207 1708 ad·

161 1747 273 1796 versus
290 1731 428 1796 Galbam
443 1740 553 1795 votum
568 1741 625 1795 aut
646 1732 792 1797 animus:
822 1733 940 1817 quippe
954 1732 1079 1811 Titum,
1095 1732 1205 1808 filium,

161 1819 202 1882 ad
232 1820 467 1883 venerationem
498 1819 685 1903 cultumque
714 1818 785 1902 ejus
814 1819 955 1894 miserat,
984 1824 1024 1881 ut
1053 1839 1113 1882 suo
1142 1819 1207 1881 loco

160 1906 437 1970 memorabimus!
439 1956 445 1966 .
456 1903 595 1969 Occulta
609 1906 681 1988 lege
696 1905 766 1977 fati,
784 1914 817 1968 et
832 1906 964 1969 ostentis
980 1926 1016 1967 ac
1032 1906 1206 1989 responsis‘

161 1993 353 2055 destinatum
383 1991 581 2075 Vespasiano
610 1991 783 2075 liberisque
820 1992 891 2076 ejus
926 1991 1109 2076 imperium,
1140 1997 1206 2075 post

160 2079 320 2144 fortunam
334 2078 536 2142 credidimus.

202 2166 256 2230 11.
279 2167 458 2249 AEgyptum
481 2164 663 2248 copiasque,
682 2163 796 2248 quibus
820 2172 1032 2239 coerceretur,
1044 2165 1114 2249 jam
1136 2161 1205 2224 inde

131 2267 133 2271 ’
161 2274 180 2315 a
202 2253 276 2315 divo
301 2254 461 2336 Augusto,
485 2252 610 2335 equites
635 2251 796 2315 Romanil
818 2251 962 2313 obtinent
991 2250 1061 2314 loco
1085 2269 1204 2334 regum.

162 2338 215 2402 Ita
237 2340 340 2402 visum
363 2337 524 2422 expedire,
551 2337 746 2420 provinciam
770 2337 860 2400 aditu
887 2336 1061 2412 difficilem,
1078 2357 1206 2411 annonas

160 2426 356 2499 foecundam,
387 2423 610 2508 superstitione
641 2445 676 2486 ac
707 2423 838 2487 lascivia
867 2423 1048 2487 discordem
1076 2431 1112 2486 et
1146 2443 1207 2486 mo·

160 2512 278 2586 bilem,·'
300 2511 430 2576 insciam
455 2511 574 2595 legum,
591 2511 735 2595 ignaram
759 2509 1014 2594 magistratuum,
1031 2510 1120 2573 domi
1134 2508 1208 2572 reti·

192 2714 204 2737 ⁶
220 2704 273 2754 La.
295 2701 374 2765 Mon]
398 2702 455 2750 And
474 2703 532 2752 then
550 2701 667 2765 procured
717 2709 741 2734 ·*
759 2701 845 2751 Tribus
855 2701 914 2766 leg]
933 2694 1155 2767 Rstbenptrstrrsr,
1167 2702 1209 2752 vis

160 2784 175 2817 a
196 2770 249 2818 coin
271 2779 296 2818 to
318 2771 354 2823 ,be
380 2770 470 2825 struck,
492 2767 570 2816 whicb
594 2767 616 2814 is
641 2766 669 2814 in
700 2781 825 2815 r.x.xrr.
837 2783 881 2816 xv.

160 2835 202 2884 the
222 2835 310 2898 King’s
332 2835 454 2899 Museurp,
473 2832 520 2880 and
540 2832 585 2880 has
605 2832 669 2879 been
728 2829 952 2896 sMemorndimur]
969 2829 1004 2880 H.
1015 2832 1043 2895 ii,
1055 2838 1079 2882 1.

160 2900 288 2963 published
310 2900 342 2963 by
361 2896 478 2953 Harduin,
494 2897 583 2945 Select.
603 2895 669 2960 Opp.
731 2903 745 2940 1
764 2897 872 2945 ostentis
882 2912 910 2945 nc
920 2897 1054 2959 responsis]
1072 2896 1106 2945 Η.
1116 2897 1146 2957 ii,
1155 2901 1195 2946 78·

161 2981 185 3026 p.
194 2968 251 3013 637.
263 2981 320 3014 rur.
333 2980 390 3013 sss.
403 2977 458 3010 src.
470 2977 584 3010 oannis.
601 2961 668 3008 ‘Irn·
732 2959 745 2992 ¹⁸
762 2962 808 3024 Ep.
832 2960 915 3023 am]
937 2961 980 3008 nn
998 2977 1064 3010 were
1085 2961 1209 3011 forbidden

160 3031 262 3091 perstori
274 3030 355 3078 Servio
372 3028 478 3092 Sulpicio
494 3025 609 3076 Gelbaez’
625 3026 668 3074 the
700 3023 758 3081 also,
780 3037 868 3088 except
894 3035 1002 3074 senators
1027 3042 1055 3074 or
1080 3027 1210 3075 illustriore

161 3093 221 3141 head
243 3096 265 3142 is
285 3093 407 3148 wreatbed
427 3093 488 3140 witlr
508 3092 591 3139 laurel.
634 3091 670 3140 At
701 3089 806 3152 knights,
824 3099 928 3138 toenter
948 3093 989 3139 the
1003 3090 1061 3139 land
1079 3093 1107 3140 oi
1120 3092 1208 3156 Egypt,

160 3162 201 3206 the
208 3157 277 3213 back,
285 3158 311 3207 in
321 3160 404 3215 lauret,
416 3164 469 3208 nm
479 3161 669 3221 dormitator,
701 3170 757 3204 save
771 3156 803 3220 by
813 3157 969 3218 permissione
987 3171 1028 3204 see
1047 3171 1080 3204 on
1090 3156 1124 3205 A.
1134 3157 1161 3213 ii,
1171 3160 1210 3206 59.

160 3231 167 3253 ⁴
178 3223 254 3270 under
265 3223 410 3280 Mucianus,’
419 3237 535 3287 governor
546 3223 572 3269 of
582 3222 669 3286 Syria3
700 3219 747 3268 and
759 3219 837 3269 Streb.
848 3222 908 3282 xvii,
919 3237 945 3284 p.
957 3224 1015 3270 tte.

161 3288 208 3336 and
220 3292 262 3334 tlte
272 3288 412 3352 inscription
422 3293 606 3339 mortens.
624 3292 668 3335 ET.
732 3281 741 3316 ⁸
758 3286 882 3350 Meliten]
905 3286 962 3334 And
977 3287 1033 3334 thus
1048 3287 1093 3335 the
1103 3300 1210 3350 emperor

161 3358 218 3402 th.
236 3353 245 3380 ‘
254 3352 281 3399 of
297 3353 338 3400 tlte
353 3353 512 3402 Antiochiano
521 3355 546 3401 in
557 3353 599 3401 the
611 3367 670 3416 year
700 3348 802 3405 Adrisn,
820 3351 898 3399 when'
908 3349 1004 3413 writing
1020 3359 1048 3400 to
1069 3353 1111 3400 the
1131 3349 1210 3400 econ!

161 3414 254 3466 cxvrr!
264 3417 344 3491 which
356 3418 432 3480 began
443 3419 467 3466 in
479 3421 519 3467 the
531 3426 630 3466 autumn
646 3417 673 3465 oi
701 3415 842 3463 Servianus:
870 3416 1034 3491 ‘AEgpptnm
1055 3431 1127 3479 quun
1155 3413 1210 3464 milri

161 3483 207 3581 thel
215 3481 469 3610 llVdddlluHelleing
489 3553 542 3594 sent
562 3561 589 3595 ss
609 3546 670 3595 licu-
700 3480 1037 3610 llillibilldbe{trallisbirli,1
1037 3497 1121 3594 ‘ciffi'
1134 3489 1212 3594 m

160 3620 244 3662 tenent
262 3612 314 3658 into
333 3610 419 3673 Lycia,
432 3624 459 3658 ss
479 3626 517 3659 we
537 3627 594 3675 may
614 3627 671 3661 con·
702 3610 771 3658 ssmae
793 3620 910 3658 momenta
933 3609 1120 3660 volitantem—
1130 3609 1212 3659 Genus

157 3677 329 3742 jectnrsircrn
348 3675 513 3730 Plin.,xii,1.
545 3676 622 3724 There
641 3678 671 3724 he
702 3674 827 3723 hominurn
865 3674 1082 3733 seditiosissimum,
1096 3719 1099 3726 ,
1113 3675 1211 3724 unissi-

160 3743 235 3792 tound
262 3742 315 3790 that
336 3741 479 3805 plane-tres,
499 3738 622 3788 described
644 3756 671 3790 ss
703 3739 997 3804 muminjuricsissimnm.
1017 3739 1212 3804 Ciritu,[dlcx·

160 3816 323 3858 'nemorosam
332 3803 438 3859 vertice,'
450 3804 535 3851 within
546 3804 626 3853 vrbiclr
638 3806 670 3854 be
703 3805 806 3870 andria]
818 3807 942 3868 opulente,
957 3804 1036 3872 dives,
1052 3805 1174 3862 loeconds,
1187 3804 1212 3852 is

160 3873 234 3923 dined
249 3882 322 3922 ‘cum
331 3869 525 3920 duodevicesimo
535 3869 642 3917 comits.'
702 3883 750 3931 qus
765 3885 836 3919 nemo
853 3870 918 3918 visat
931 3869 1033 3919 otiosos.
1064 3871 1118 3920 Alli
1127 3871 1211 3919 vim

193 3946 204 3972 ⁰
222 3937 280 3988 Tam
287 3937 369 4002 prope]
391 3936 452 3985 Now
463 3935 545 4000 nesrlp
558 3935 670 4001 merite,
702 3935 915 3998 conflsnnsbsliis
922 3935 1156 3986 chsmconficitnrr
1172 3933 1212 3983 elii

159 4001 297 4053 snsrwsrds
307 4002 393 4068 nearly
403 4015 419 4051 s
430 3999 520 4066 prisce.
701 3998 856 4064 linyphiones
871 3999 1014 4067 [roem]
1035 4010 1110 4052 suste
1131 4013 1211 4051 casn
