2512 4372
37 192 211 277 spngJ,
237 242 243 261 .
353 209 725 263 urssoursnurrnra.
747 213 790 261 11.
1043 192 1108 259 ult

39 330 88 409 tp
104 328 306 407 ‘ora-nuntio
330 329 577 395 revalescerent.
622 329 673 393 Et·
695 331 820 395 Coenus
846 330 978 415 quidem
998 331 1110 414 rapido

41 416 105 494 ins.
133 415 237 483 rhem.
250 423 375 490 rectius,
401 437 521 498 paucos
545 423 618 498 post
640 417 720 493 dies,
738 416 833 500 jussu
848 417 975 481 Vitellii
996 436 1111 500 poenas

39 501 120 571 luit.
138 499 366 567 -„.Senatornm
394 501 571 584 pericnlum
599 511 743 579 auctum,
773 504 979 567 credentibus
1006 502 1110 566 Otbo·

42 585 152 659 niuniu
175 587 328 657 militibus
350 608 427 651 scra
448 608 529 661 esse,
555 609 629 670 quse
651 589 900 652 adferebantur:
926 588 1111 652 intendebat

44 670 263 751 flamidinum,
282 673 369 753 quod
385 672 505 755 publici
519 673 643 737 consilii
658 674 762 737 facies
777 675 954 738 discessum
971 674 1110 748 Mutina,

46 759 252 841 decentiaque
278 766 385 841 partes
410 759 528 825 forent.
573 758 648 822 Nec
672 760 758 823 ultra
779 760 813 823 in
842 781 1009 824 commane
1037 780 1111 823 con·

47 844 164 928 gressi,
187 844 248 907 sibi
267 844 404 927 quisque
426 844 626 916 consuluere,
650 845 753 908 donoc
768 847 873 909 missua
895 868 915 909 a
930 845 1030 909 Fabio
1044 844 1112 908 Ve-

48 932 142 1009 iente
169 929 310 1012 epistola
338 932 504 993 demerent
533 939 676 1006 metnm3
705 940 740 994 et
765 952 851 995 mors
878 931 1026 1010 Othonis,
1051 951 1115 1015 quo

52 1015 255 1091 laudabilior,
271 1037 312 1079 eo
325 1016 465 1080 velocius
478 1017 599 1081 audita.
942 1042 946 1049 ·

63 1148 76 1171 ..
90 1102 157 1183 ,ᾷὸι
174 1100 223 1165 Aa
251 1102 366 1167 Romae
395 1102 473 1165 nibil
499 1103 740 1186 trepidationis:
772 1101 922 1166 Cereales
951 1103 1041 1166 ludil
1071 1122 1115 1165 ex

52 1190 389 1271 mosespeotnbuntur.
417 1186 467 1252 Ut
482 1189 633 1253 ‘cessisse
648 1191 716 1253 vita
731 1188 904 1263 Othonem,
920 1198 955 1253 et
970 1212 989 1253 a
1004 1187 1117 1251 Fluvio

55 1273 198 1353 Sabino,
212 1274 366 1356 praefecto
388 1272 498 1350 Urbis,
521 1276 607 1358 qood
622 1283 693 1339 erat
706 1276 740 1338 in
755 1274 847 1338 Urbe
862 1276 1000 1339 militum
1015 1294 1117 1338 maru-

53 1368 168 1427 muuto
181 1358 308 1425 Vitellii
323 1360 496 1434 adactum,'
517 1361 600 1424 certi
623 1370 771 1427 auctores
793 1365 825 1424 in
848 1362 1010 1425 theatrum
1031 1368 1117 1424 attu-

56 1447 178 1524 lerunt,
201 1444 335 1511 Vitellio
356 1446 521 1529 plausere:
546 1447 682 1531 populns
707 1468 781 1510 cum
807 1447 900 1510 lauru
926 1470 964 1512 ao
990 1448 1118 1511 floribus

59 1531 189 1597 Galba.
201 1531 356 1614 imagines
378 1532 499 1595 circum
522 1533 641 1616 templa
665 1534 751 1608 tulit,
769 1535 929 1615 congestis
942 1535 975 1599 iu
990 1533 1119 1597 modurn

59 1617 336 1697 tumulicoronis,
355 1618 454 1702 juxta
480 1619 583 1682 lacum
611 1617 728 1693 Curtii,
757 1639 854 1702 quem
881 1619 986 1682 locum
1013 1618 1120 1682 Galba

55 1700 196 1783 musicas
211 1704 364 1787 sanguine
378 1702 557 1769 infecerat.·'
601 1705 640 1769 In
656 1714 768 1769 senatu
783 1711 909 1779 cuncta,
928 1705 1029 1789 longis
1043 1704 1119 1767 alio·

56 1789 377 1872 ruunprincipntibns
392 1791 576 1874 composita,
593 1793 700 1855 statim
716 1792 959 1855 decernuntur!
987 1790 1120 1855 Additus

60 1886 167 1959 ‘mgis
189 1873 400 1941 Germanicos
423 1877 586 1940 exercitus
606 1876 716 1941 landes
738 1876 950 1960 gratesque:'
972 1885 1008 1939 et
1027 1874 1122 1938 missa

52 1960 194 2046 legatio,
217 1968 290 2044 q'uae
313 1961 430 2044 gaudio
446 1963 645 2046 fungeretur.
691 1962 851 2027 Recitatae
868 1962 961 2026 Fabii
974 1960 1122 2025 Valentis

61 2047 218 2130 epistolae,
244 2048 287 2111 ud
310 2048 455 2112 consules
481 2049 608 2131 scriptae
634 2049 719 2112 bend
744 2049 971 2112 immoderate:
1003 2048 1124 2132 gratior

64 2133 204 2197 Caecinae
219 2134 375 2197 modestia
389 2134 464 2213 fuit,
480 2135 565 2217 quod
581 2157 642 2197 non
657 2133 843 2218 scripsisset.

79 2284 94 2293 ,,
108 2219 163 2283 56.
190 2218 343 2283 Ceterum
366 2220 464 2285 Italia
487 2221 616 2303 gravius
639 2227 738 2302 atque
760 2220 900 2284 atrocius
922 2239 1018 2303 quam
1040 2218 1123 2281 bello

64 2303 305 2374 adflictabatur:
329 2305 465 2387 dispersi
480 2328 536 2389 per
552 2306 726 2389 municipia
740 2314 775 2369 et
790 2307 928 2369 colonias
946 2303 1122 2378 Vitelliani,

65 2391 213 2475 spoliare,
229 2411 353 2474 rapere,
370 2392 401 2454 vi
416 2401 451 2455 et
465 2392 583 2475 stupris
598 2393 759 2475 polluere:
782 2392 815 2454 in
838 2411 931 2455 omne
950 2389 998 2454 fas
1021 2388 1125 2453 arefas-

90 2496 134 2540 ue
147 2476 235 2541 uvidi
250 2485 307 2541 aut
322 2477 461 2552 venales,
478 2498 541 2541 non
555 2498 657 2557 sacro,
680 2500 741 2541 noo
760 2478 892 2560 profano
914 2477 1123 2540 abstinebant.

60 2498 115 2641 ,itt
136 2562 240 2640 fuere,
254 2562 313 2645 qui
333 2562 477 2627 inimicos
493 2584 578 2638 suos,
599 2564 705 2646 specie
723 2563 871 2638 militnm,
887 2562 1123 2626 interficerent:

68 2648 198 2732 ipsique
219 2648 348 2722 milites,
364 2649 532 2733 regionum
554 2650 656 2732 gnari,
678 2650 813 2714 refertos
835 2671 938 2733 agros,
961 2649 1045 2712 dites
1069 2648 1127 2711 do·

68 2734 184 2813 minos,
202 2734 233 2797 in
249 2735 401 2816 praedam,
418 2743 485 2810 ant,
504 2735 530 2798 si
545 2744 758 2818 repugnatum
780 2735 874 2811 foret,
897 2736 935 2798 ad
965 2733 1127 2797 excidium

16 2842 20 2849 ·
70 2820 285 2899 destinabant,
316 2820 461 2883 obnoxiis
488 2819 643 2885 ducibus¹
671 2829 705 2885 et
728 2820 894 2905 prohibere
930 2842 994 2883 non
1021 2818 1125 2882 ausis:

70 2907 178 2971 minus
200 2904 344 2969 avaritiae
369 2904 403 2968 in
428 2904 569 2980 Caecina,
594 2906 665 2990 plns
688 2906 891 2971 ambitionis:
925 2904 1057 2977 Valens,
1087 2904 1128 2967 ob

71 2992 163 3057 lucra
184 3000 218 3055 et
237 2999 383 3075 qnaestns
400 2991 539 3066 infamis,
556 3014 660 3075 eoque
675 2992 786 3055 alienas
801 2991 899 3056 etiam
914 2990 1017 3074 culpae
1038 2989 1129 3053 dissi·
1195 2994 1201 3006 '

72 3078 223 3142 mulatcr.
268 3076 467 3163 lampridem
489 3079 607 3142 attritis
629 3078 737 3142 Italiae
761 3078 868 3156 rebus,
892 3083 1018 3141 tantnnr
1039 3076 1130 3161 pedi·

72 3261 175 3317 andtbe
186 3259 481 3323 nancterottneempire.
506 3259 584 3309 These
618 3261 664 3310 Sea
675 3259 708 3309 A.
719 3274 761 3318 xv,
772 3264 814 3309 6³.

73 3336 81 3357 ⁸
93 3324 239 3390 diplomate'
252 3340 317 3375 were
334 3333 458 3388 pussports
467 3332 492 3372 to
501 3340 586 3373 secure
650 3324 659 3358 ι’
676 3326 801 3386 Sanguine
811 3322 941 3390 infecerat]
959 3325 991 3373 il.
1001 3327 1021 3392 i,
1032 3330 1073 3377 41.

69 3390 229 3455 expeditione
236 3389 371 3451 uuralliag.
403 3389 449 3437 See
463 3389 528 3437 Plin.
539 3389 587 3451 Ep.
651 3388 664 3423 l
681 3390 772 3439 Statim
782 3390 953 3455 decernantnr]
971 3391 1003 3439 So
1022 3393 1050 3440 of
1065 3391 1132 3439 Otho

73 3472 102 3531 x,
122 3458 163 3505 lt.
177 3459 222 3541 ft.
253 3454 305 3501 Tlrs
321 3453 587 3565 ‘dliplornatassbanelb
619 3452 645 3501 in
656 3453 689 3529 H:
699 3455 719 3514 i,
730 3458 773 3509 st.
805 3455 962 3532 ‘Accumuut
980 3462 1069 3520 patres,
1090 3455 1133 3502 de·

75 3516 589 3647 tlltutllldntllsdtlgt
621 3518 1135 3648 tt'tzllltltltltltlttttnt

79 3644 184 3698 suco.
195 3646 358 3697 te.Ner.1a.
622 3647 747 3697 honorea’
855 3646 873 3673 ‘¹

108 3709 320 3771 ‹Pacu—facte]
345 3709 391 3757 For
412 3710 470 3774 they
492 3709 591 3759 seemed
655 3709 893 3777 totunderunt]
913 3710 1135 3785 Hnetriglrtlyex·

76 3776 110 3840 by
135 3774 592 3838 abliccnmpscttohsvalettManm,
625 3775 755 3839 platanus
781 3776 906 3825 'Militum
928 3774 1025 3823 libidini
1044 3775 1136 3823 obtem-

79 3790 420 3889 mddemrtedotbo’sdde.
518 3901 549 3913 ..
624 3841 894 3903 molestatione,
918 3854 1019 3915 quornm
1042 3838 1137 3887 fortune

113 3903 204 4019 *hcm
214 3903 278 3966 ludi]
293 3904 366 4017 'flag
384 3918 452 4017 scerlel
467 3901 591 4017 eihii'iii
625 3918 731 4019 ppesque
741 3920 826 3961 omues
836 3906 889 3955 cua
899 3910 969 3953 erant
983 3916 1009 3953 ιιι
1020 3902 1137 3955 exereitus

78 3969 312 4020 btecbcueon
358 3971 434 4018 elus
470 3983 483 4017 n
537 3982 554 4031 p
586 4001 593 4016 .
626 3969 725 4029 ¹aturrus?
