2512 4372
65 208 133 260 ao.
148 191 219 278 69.]
380 209 649 260 nrsrorunnuu
674 181 751 260 nra.
774 210 801 260 r.
1054 195 1122 265 273

64 331 187 396 noctis:
214 351 274 395 neo
300 330 369 395 illas
392 332 545 395 adversus
568 338 715 395 senatum
739 352 832 397 voces
858 331 943 397 ullus
966 320 1120 414 uniquam

64 419 230 482 exercitus
244 419 365 482 audiat.
410 418 520 501 Caput
538 417 690 501 imperii,⁸
705 426 740 481 et
753 417 870 483 decora
887 418 1028 484 bmnium
1047 439 1119 503 pro·

65 505 255 578 vinciarum,
279 504 320 568 ad
345 526 475 589 poenam
500 525 626 580 vocare,
648 526 710 569 uon
736 504 844 569 hercle
866 504 925 583 illi,
946 527 1119 589 quoscum

64 591 205 655 maxime
226 589 378 656 Vitellius
399 592 433 653 in
454 613 511 655 uos
533 590 608 666 ciet,
633 589 789 655 Germani
812 592 963 657 audeant.
1008 590 1120 657 Ulline

64 676 173 756 Italiae
188 677 320 755 alumni,
335 686 369 741 et
385 675 532 742 Romana
551 698 628 742 vere
641 677 808 762 juventus,
823 678 866 743 ad
884 679 1071 763 sanguinem
1086 688 1120 743 et

65 757 188 852 cedem
217 765 425 848 deposcerent
452 764 608 839 ordinem,
635 763 728 848 cujus
756 764 925 848 splendore
954 775 989 829 et
1017 765 1120 847 gloria

65 852 176 917 sordes
184 849 702 915 etobscuritatemVitellianarum
711 850 849 934 partium
860 852 1119 935 perstringimus?

65 936 227 1002 Nationes
246 938 371 1021 aliquas
388 938 557 1021 occuparit
576 936 737 1012 Vitellius,
757 936 929 1022 imaginem
948 939 1119 1023 quamdam
1214 1014 1218 1021 p

63 1025 229 1089 exercitus
252 1024 365 1088 habet:
399 1033 529 1088 senatus
552 1025 715 1102 nobiscum
737 1033 805 1089 est:
838 1024 959 1099 nictit,
985 1033 1023 1088 ut
1044 1025 1119 1090 bino

63 1111 254 1195 respublica,
270 1111 345 1175 inde
360 1111 466 1175 hostes
481 1110 666 1195 reipublicae
680 1111 895 1177 constiterint.
926 1110 1037 1190 Quid?
1060 1133 1118 1177 vos

62 1198 311 1282 pulcherrimum
335 1198 415 1261 hano
430 1196 554 1262 Urbem
568 1199 713 1263 domibus
732 1207 768 1262 et
791 1200 884 1263 tectis
906 1208 940 1264 et
962 1209 1119 1282 congestu

61 1283 208 1368 lapidum
223 1295 307 1349 stare
321 1285 474 1350 creditis?
520 1283 623 1350 Muta=
634 1285 697 1350 ista
715 1294 749 1348 et
767 1285 906 1350 inanima
924 1285 1119 1350 intercidere

62 1392 103 1439 ac
118 1371 260 1455 reparari
278 1373 457 1456 promiscua
471 1378 563 1435 sunt:
587 1371 747 1436 aeternitas
768 1393 875 1436 rerum
896 1379 931 1436 et
952 1393 1018 1456 pax
1039 1393 1118 1457 gen-

62 1457 149 1523 tium
159 1468 195 1522 et
205 1480 277 1522 mea
287 1480 360 1525 oum
372 1468 476 1522 vestra
490 1458 576 1523 salus
590 1447 810 1522 incolumitate
819 1467 949 1523 senatus
960 1458 1118 1525 firmatur.

44 1620 46 1624 7
62 1542 167 1611 Hunc
183 1545 346 1628 auspicato
361 1567 381 1609 a
395 1553 529 1630 parente
543 1554 577 1608 et
591 1543 754 1608 conditore
768 1543 868 1609 Urbis
890 1556 1006 1609 nostrae
1025 1545 1119 1610 insti·

62 1639 184 1706 tutum,
206 1639 240 1696 et
260 1653 282 1694 a
302 1633 433 1716 regibus
452 1631 610 1714 usquead
628 1631 793 1714 Principes
808 1631 996 1712 continuum
1011 1641 1046 1697 et
1058 1633 1117 1696 im·

60 1718 243 1793 mortalem,
259 1718 343 1782 sicut
357 1741 377 1782 a
392 1717 771 1801 majoribusaocepimus,
788 1719 834 1782 sic
855 1719 991 1801 posteris
1013 1720 1120 1783 trada-

61 1824 157 1870 mus:
188 1826 273 1884 narn,
291 1815 329 1869 ut
342 1826 386 1869 ex
400 1805 491 1870 robis
505 1813 678 1888 senatores,
693 1804 741 1869 ita
754 1825 797 1868 ex
808 1807 1010 1870 senatoribus
1025 1805 1117 1870 Prin·

62 1890 153 1974 cipes
167 1893 362 1956 nuscuntur!

105 1976 162 2043 8⁵.
189 1976 237 2041 Ea
251 1979 354 2042 oratio
368 1978 410 2044 ad
427 1978 684 2062 perstringendos
707 1976 958 2060 mulcendosque
980 1977 1119 2044 militum

60 2062 196 2140 animos,
212 2073 247 2128 et
269 2064 451 2129 severitatis
473 2065 587 2131 modus
611 2067 731 2148 (neque
750 2063 882 2128 enimin
897 2063 1006 2146 pluras
1021 2087 1119 2149 quam

60 2150 97 2215 in
112 2151 194 2217 duos
208 2151 420 2217 animadverti
437 2151 593 2236 jusserat)
613 2159 705 2234 grate
726 2159 870 2235 accepta,
885 2151 1119 2239 compositique

61 2236 272 2320 adpraesens,
289 2238 345 2322 qui
359 2239 499 2303 coerceri
513 2259 575 2302 non
590 2245 746 2321 poterant.
792 2237 868 2302 Non
894 2245 1001 2300 tamen
1027 2238 1120 2321 quies

62 2320 166 2390 Urbis
195 2325 357 2388 redierat:
396 2326 549 2409 strepitus
577 2324 712 2388 telorum
742 2332 776 2387 et
800 2323 899 2387 facies
912 2323 1000 2396 ¹belli
1026 2333 1118 2389 erat:
1154 2369 1155 2372 ,

61 2409 228 2486 militibus,
244 2419 280 2475 ut
295 2411 374 2475 nihil
394 2412 427 2474 iu
443 2432 611 2476 commune
626 2410 838 2486 turbantibus,
855 2410 902 2474 ita
923 2409 1039 2493 sparsis
1060 2432 1119 2495 per

61 2497 186 2570 domos,
209 2498 337 2562 occulto
359 2498 496 2577 babitus
517 2506 552 2561 et
574 2497 714 2582 maligna
737 2517 814 2560 cura
838 2495 872 2559 in
895 2518 1016 2576 omnes,
1037 2519 1119 2582 quos

60 2583 213 2648 nobilitas
228 2593 285 2648 aut
299 2605 375 2668 opes
392 2592 449 2649 aut
472 2583 580 2669 aliqua
602 2584 736 2669 insignis
762 2582 919 2647 claritudo
938 2585 1120 2651 rumoribus

24 2718 28 2728 .
61 2669 236 2755 objecerat.
281 2670 472 2736 Vitellianos
497 2691 627 2757 quoque
652 2670 769 2735 milites
793 2670 918 2734 venisse
940 2669 975 2734 in
993 2668 1118 2736 Urbem

61 2757 104 2820 ad
127 2757 237 2822 studia
257 2759 400 2858 partium
424 2759 594 2837 noscenda,
619 2756 766 2841 plerique
792 2757 986 2821 credebant:
1028 2757 1119 2830 unde

60 2842 160 2929 plena
181 2865 288 2909 omma
316 2843 544 2929 suspicionum,
568 2853 603 2908 et
629 2843 684 2909 vix
713 2851 837 2907 secreta
865 2844 1019 2907 domuum
1049 2843 1119 2914 sine
1157 2870 1160 2875 ·

61 2928 233 2997 formidine
245 2956 255 3011 ;
295 2933 353 2996 sed
381 2931 553 3016 plurimum
582 2929 801 3015 trepidationis
827 2930 861 2993 in
882 2929 1022 3013 publico.
1068 2928 1119 2995 Ut

60 3037 226 3102 quemque
240 3019 387 3082 nuntium
402 3017 488 3082 sama
502 3017 673 3096 attulisset,
686 3017 826 3080 animum
837 3017 1028 3100 vultumque
1041 3037 1119 3081 con·

60 3104 160 3179 versi,
191 3125 232 3168 ne
261 3104 406 3169 diffidere
434 3103 540 3169 dubiis
570 3126 607 3168 ac
635 3125 749 3188 parum
778 3103 921 3188 gaudme
957 3103 1119 3188 prosperis

60 3189 262 3255 riderentur.
309 3189 431 3256 Coacto
449 3213 522 3257 vero
537 3191 570 3256 in
585 3191 707 3255 curiam
729 3197 855 3265 senatu,
868 3189 992 3256 arduus
1010 3211 1118 3258 rerum

60 3276 204 3342 omnium
240 3279 364 3354 modus,
396 3299 437 3343 ne
474 3286 643 3342 contumax
683 3275 856 3351 silentium,
892 3297 933 3339 ue
970 3286 1118 3362 suspecta

60 3363 213 3429 libertas:
247 3374 283 3429 et
305 3365 431 3451 privato
452 3363 576 3430 Othoni
598 3383 711 3448 nuper,
727 3371 825 3448 atque
847 3362 960 3427 eadem
986 3364 1116 3443 dicenti,

92 3554 108 3580 ⁸
132 3547 210 3612 Caput
241 3547 247 3558 '
286 3545 306 3609 .]
337 3563 373 3595 so.
397 3548 438 3596 tbe
459 3555 575 3596 senators.
607 3547 757 3608 στρατιωτῶν
767 3546 793 3596 ἐν
803 3545 877 3613 Ῥύμῃ
886 3547 910 3597 oi
919 3551 1044 3612 sponsoris
1055 3557 1117 3609 λαμ·

64 3613 259 3676 Ullisre,‡c.‚sn
287 3613 368 3661 would
382 3613 575 3678 you‚praerorisn
607 3611 728 3668 βάνονται.
761 3613 937 3676 naposrrdttrre'
949 3631 989 3663 σοι
1003 3613 1118 3676 στρατιά·

59 3680 154 3740 troops,
172 3680 280 3727 demand
301 3687 327 3726 to
347 3678 378 3725 be
403 3679 475 3741 given
496 3694 529 3741 up
550 3686 576 3725 to
606 3676 983 3740 surducffiporsttrormp‘fful
991 3677 1119 3741 ἀρξάμενος

58 3743 187 3807 daughter
195 3742 251 3790 that
260 3742 345 3792 sacred
356 3745 433 3799 order,
444 3742 492 3791 &c-
608 3745 684 3791 κακῶν
695 3742 777 3804 λέγειν
786 3741 830 3792 τὸν
841 3743 957 3804 Καίσαρα,
969 3741 1021 3792 siro
1031 3743 1061 3790 cb
1071 3742 1117 3791 to·
1131 3751 1135 3761 “

92 3816 107 3860 ,1
127 3809 186 3856 Oce.
208 3808 275 3872 tab]
309 3808 331 3856 Δ
354 3807 475 3870 plebeiae,
496 3813 540 3854 not
560 3821 575 3854 a
606 3824 651 3872 περ
672 3807 783 3871 ἐνέχυρον
803 3809 858 3868 παρ’
878 3809 951 3857 αὐτοῦ
971 3806 1055 3863 λαβὼν
1074 3809 1119 3865 τῆς

58 3871 168 3938 military
180 3872 255 3921 dress.
284 3870 574 3936 Tbismnlignantpains·
606 3871 715 3929 πίστεως,
735 3873 765 3922 τὸ
785 3873 859 3922 αὐτὸν
875 3874 919 3929 τῆς
936 3870 1054 3935 λοιδορίας
1075 3889 1118 3921 rn-
1216 3930 1218 3934 ι

59 3939 146 4000 taking
157 3937 184 3985 ol
192 3937 256 4002 spies
267 3937 290 3985 is
300 3936 424 3986 described
437 3937 468 4002 by
479 3935 574 3992 Arsino,
605 3940 715 3998 νῆρχθω,
726 3937 807 3998 λέγειν
818 3938 858 3987 rol
868 3935 939 3987 sorte
952 3935 999 3986 boc
1015 3936 1117 4001 φρονεῖν·

59 4003 279 4068 Epictet.ir,13.
313 4001 382 4053 otro
403 4001 442 4052 sul
462 4000 506 4052 tut
527 4003 575 4053 τῶν
607 4001 851 4067 chedwallum.
