2512 4372
1125 77 1147 131 s,

1122 134 1125 164 l

155 211 221 278 260
484 229 516 276 c.
542 224 727 275 oonunuu
752 226 881 275 rncrrr
993 212 1126 294 [nuc.
1141 211 1211 278 822.

159 349 323 412 bostiliat‘
347 369 380 412 se
403 349 557 412 coloniam
584 347 761 424 Romanam
789 358 823 410 et
846 355 968 430 partem
990 350 1160 413 exercitus
1181 357 1210 412 et

156 457 380 518 prosperarum
395 436 665 518 adversarumque
685 456 790 497 rernm
807 436 926 498 socios:
950 435 978 497 si
991 434 1126 499 fortuna
1141 457 1210 502 con·

101 583 121 594 ,,
160 530 208 584 tra
224 520 349 595 darauf
367 522 455 585 iratis
472 543 511 584 ne
527 519 805 612 relinquerentur?
1166 569 1169 575 .

185 608 252 672 ou.
277 607 340 670 His
355 619 389 672 et
403 608 547 692 pluribus
562 609 594 670 in
611 608 758 671 eumdem
774 607 914 679 modum,
931 608 1155 691 perpulerant,
1177 616 1209 671 ut

136 704 199 756 ‘ue
226 695 326 778 legati
346 695 475 778 quidem
499 716 535 757 ac
557 695 655 756 duces
677 695 817 776 partium
842 693 1000 778 restingui
1025 716 1122 776 posse
1152 696 1208 758 ira·
1240 756 1247 781 ,

158 782 306 845 cundiam
328 782 489 844 exercitus
512 781 761 856 arbitrarentur;
785 801 856 843 cum
878 778 962 843 baud
979 780 1088 864 ignari
1103 782 1208 844 discri-

157 868 249 931 minis
265 869 315 931 sui
337 867 547 940 Viennenses,
570 867 749 930 velamenta
770 876 804 929 et
825 865 966 929 infulas!
988 868 1208 951 praeferentes,

157 955 213 1016 ubi
241 976 354 1036 agmen
382 955 563 1029 incesserat,
588 975 686 1026 arma,
715 973 830 1036 genna,
858 953 996 1036 vestigia
1017 955 1205 1037 prensando,

155 1040 274 1103 flexere
290 1040 425 1103 militum
442 1041 573 1103 animos.
618 1038 757 1103 Addidit
772 1038 893 1103 Valens
908 1042 1080 1104 trecenosl
1102 1041 1208 1124 singu·

157 1125 196 1190 lis
211 1127 365 1189 militibus
381 1126 559 1190 sestertios:
583 1134 662 1189 tum.
675 1134 816 1189 vetustas
837 1126 1045 1210 dignitasque
1061 1128 1207 1190 coloniae⁵

147 1212 267 1287 naluit,
284 1222 318 1275 et
332 1214 429 1275 verba
445 1211 547 1285 Fabii,
563 1213 697 1277 salutem
712 1212 1029 1295 incolumitatemque
1046 1211 1207 1277 Viennen-

157 1299 239 1363 sium
251 1298 508 1376 commendontis,
520 1298 620 1382 aeqnis
636 1299 764 1362 auribus
779 1305 930 1380 accepta:
956 1299 1089 1382 publice
1103 1309 1205 1364 tamen

157 1387 252 1449 armis
266 1384 446 1463 mulctatis
461 1385 593 1468 privatis
607 1395 641 1449 et
661 1385 846 1469 promiscuis
861 1384 978 1468 copiis¹
995 1386 1115 1470 juvere
1131 1386 1205 1450 mili·

157 1480 232 1534 tem.
277 1470 341 1534 Sed
369 1471 454 1534 fama
476 1479 621 1536 constans
643 1472 716 1549 fuit,
743 1472 868 1555 ‘ipsum
892 1469 1069 1536 Valentem
1093 1495 1205 1558 magna

155 1558 292 1640 pecunia
315 1557 463 1621 emtum!
509 1556 543 1621 Is
565 1559 620 1621 diu
644 1559 800 1635 sordidus,
822 1566 953 1641 repente
975 1559 1080 1634 dives,
1104 1570 1204 1624 muta·

157 1644 276 1707 tionem
292 1643 428 1707 fortunae
444 1643 526 1713 male
541 1646 682 1728 tegebat,
699 1645 838 1730 accensis
850 1653 996 1729 egestate
1009 1646 1107 1730 longa
1118 1646 1205 1732 cupi·

156 1731 292 1803 dinibus,
307 1731 547 1810 immoderatus,
575 1740 620 1806 et,
635 1732 721 1816 inopi
740 1733 885 1816 juventa,
911 1752 1013 1794 senex
1040 1734 1203 1819 prodigus.

157 1816 262 1881 Lento
278 1818 394 1881 deinde
415 1818 552 1900 agmine,
578 1839 635 1900 per
657 1817 735 1882 lines
758 1817 999 1902 Allobrogum*
1020 1831 1057 1882 et
1080 1817 1204 1884 Vocon·

156 1905 294 1980 tioru,m'‘
316 1905 431 1968 ductus
446 1904 625 1968 exercitus:
649 1905 720 1989 ipsa
739 1905 889 1968 itinerum
905 1904 1008 1988 spatia
1023 1914 1059 1968 et
1075 1908 1202 1971 stativo·

154 2012 225 2054 rum
245 1992 435 2054 mutationes
451 1991 638 2054 venditante
652 1992 747 2066 duce,
763 1991 860 2055 foedis
874 1990 1077 2074 pactionibus
1092 1995 1201 2057 adver-

156 2099 209 2142 sus
238 2099 431 2161 possessores
454 2098 603 2160 agrorum
629 2088 663 2142 et
686 2078 891 2162 magistratus
921 2078 1101 2158 civitatum,
1127 2081 1202 2144 adeo

154 2165 329 2238 minaciter,
355 2173 392 2227 nt
416 2163 525 2228 Luco⁰
546 2165 768 2249 (municipium
783 2165 816 2227 id
832 2162 1065 2228 Vocontiorum
1081 2174 1145 2245 est)
1159 2167 1201 2228 fa-

155 2274 208 2316 ces
230 2252 416 2326 admoverit,
433 2253 533 2315 donec
547 2253 682 2335 pecunia
696 2251 916 2334 mitigaretur:
942 2252 1092 2334 quotiens
1106 2274 1200 2336 pecn-

153 2339 215 2402 niae
231 2339 365 2402 materia
380 2339 516 2412 deesset,
533 2340 651 2421 stupris
665 2349 699 2402 et
714 2337 881 2402 adulteriis
898 2339 1103 2402 exorabatur.
1151 2338 1201 2402 Sic

155 2427 194 2490 ad
210 2424 312 2509 Alpes
326 2434 527 2508 perventum.

185 2577 412 2640 ‘Cuncta-bost]
445 2575 484 2623 On
517 2584 619 2624 account
638 2575 665 2624 oi
693 2578 735 2624 the
762 2577 819 2624 ‘ala
849 2575 963 2625 Taurina’
989 2582 1015 2623 to
1046 2577 1087 2625 bis
1115 2581 1201 2632 41).οΜ

153 2643 215 2690 their
226 2643 308 2704 taking
320 2643 361 2690 the
372 2641 424 2689 side
436 2643 463 2688 ol
472 2640 563 2689 Galba:
583 2640 663 2702 otber-
695 2649 785 2705 troops,
807 2643 848 2690 tbe
876 2642 961 2704 people
983 2641 1011 2688 ot
1029 2641 1128 2690 Vienne
1150 2640 1201 2705 paid

153 2709 211 2755 wisc
220 2707 369 2755 Viennewus
378 2704 555 2753 alsoaRoman
565 2707 663 2770 colony,
697 2707 822 2767 llusrot.
854 2705 966 2760 Resides,
989 2705 1085 2754 Valens
1112 2705 1204 2754 himself

154 2773 201 2820 and
217 2787 280 2821 ruore
294 2771 391 2821 ancient
401 2771 459 2817 than
471 2771 524 2818 that
535 2770 561 2818 oi
570 2771 662 2835 Lyons.
693 2788 742 2819 was
753 2780 761 2802 ⁰
771 2780 848 2820 emtus
858 2770 931 2819 multa
942 2771 1065 2831 pecuniu.’

152 2838 230 2886 There
242 2852 292 2886 was
301 2837 350 2885 this
365 2835 494 2884 difference
510 2835 536 2882 in
556 2838 596 2882 tbe
612 2845 660 2883 two
725 2835 733 2869 ¹
753 2836 926 2899 Vct-colom]
938 2834 1028 2884 Whicb
1040 2837 1084 2884 the
1095 2850 1202 2900 emperor

154 2904 267 2959 colonies,
288 2916 314 2949 as
329 2902 436 2966 Lacarry
451 2901 564 2948 observes
579 2901 605 2948 in
621 2901 659 2948 bis
691 2901 809 2951 Claudius
817 2902 893 2948 called
902 2902 928 2948 in
937 2900 975 2948 bis
985 2902 1081 2949 oration
1093 2902 1201 2949 ‘ornatis-

154 2969 262 3016 Historia
289 2967 451 3026 Coloniarum,
481 2981 505 3028 p.
525 2969 583 3014 192.
606 2966 661 3012 that
691 2967 775 3015 simam
786 2965 1021 3029 valentissimnmqne
1029 2967 1202 3016 Viennensium

154 3032 232 3095 Lyons
249 3048 299 3079 was
319 3048 333 3079 a
351 3032 439 3096 colony
456 3031 533 3078 under
545 3032 585 3078 the
605 3037 612 3058 ⁴
620 3029 660 3092 jus
692 3031 828 3081 coloniam!

153 3095 309 3154 Romanum,’
334 3096 428 3144 Vienns
454 3096 532 3143 under
546 3097 585 3142 tlre
608 3095 661 3158 ‘jus
726 3097 823 3146 turm.
835 3094 928 3159 malet]
947 3094 1019 3160 They
1030 3111 1096 3145 were
1106 3093 1202 3145 ordered

153 3161 282 3210 Italicum!
308 3162 373 3210 Thus
390 3163 409 3209 is
426 3161 536 3208 removed
548 3160 588 3207 the
600 3159 661 3207 diffi·
693 3167 719 3208 to
730 3163 817 3227 supply
827 3177 897 3227 arms,
908 3176 935 3208 as
945 3161 966 3209 is
975 3160 1029 3209 said
1038 3164 1067 3210 oi
1073 3164 1113 3211 tlre
1123 3161 1202 3215 AEdni,

154 3226 230 3288 culty,
252 3226 330 3275 which
348 3226 445 3291 Lipsius
463 3227 510 3275 and
529 3225 559 3274 de
578 3225 663 3274 Merca
694 3226 733 3275 ch.
745 3231 786 3276 os.

152 3290 227 3338 found
238 3289 304 3338 here.
726 3289 734 3322 ¹
750 3293 832 3340 Prom.
842 3289 903 3354 cop]
924 3288 975 3338 Not
993 3291 1052 3356 only
1069 3289 1201 3356 ‘privetis,'

182 3355 197 3399 s
213 3357 304 3404 Contra
314 3355 393 3416 duret]
410 3356 489 3404 Prove
502 3356 611 3404 adverse.
627 3355 660 3404 A.
692 3356 736 3404 but
747 3357 798 3405 also
813 3355 987 3417 ‘promiscuis'
999 3357 1015 3404 i.
1026 3373 1050 3404 e.
1061 3357 1112 3405 laid
1124 3357 1161 3428 by
1169 3357 1202 3405 sot

154 3439 193 3476 xv,
204 3426 242 3471 13.
254 3419 661 3483 ¹Quotienst'ortuuacontraderet)
693 3421 735 3468 the
747 3438 786 3468 nse
795 3421 822 3468 oi
831 3421 872 3468 the
881 3420 961 3468 whole
972 3435 1051 3486 army.

154 3484 582 3546 dictiaco-thepeopleofVienne.
725 3493 744 3517 ”⁸
767 3485 933 3547 Allobrogum]
960 3485 1124 3550 Allobrogem
1152 3501 1200 3534 noa

187 3562 201 3596 s
222 3552 272 3601 Vel.
283 3555 306 3598 et
317 3549 376 3611 inf]
399 3550 452 3596 The
468 3552 558 3613 badges
568 3550 595 3598 oi
604 3566 660 3613 sup·
691 3557 748 3615 port
758 3552 786 3610 ο]
792 3550 920 3613 Παιρὴίηέ
930 3552 977 3599 aad
989 3551 1080 3615 Suooy.

155 3618 254 3682 pliants.
276 3615 308 3662 So
322 3614 346 3661 in
355 3614 428 3678 Livy,
439 3616 504 3670 xxiv,
516 3620 556 3664 30.
569 3621 661 3664 ‘ramos
725 3624 738 3648 ¹¹
751 3615 925 3677 Vocontiorum]
942 3615 1072 3678 Voconiii3
1083 3632 1137 3665 nou
1149 3615 1202 3667 vei·

155 3684 213 3732 oleae
224 3697 252 3731 ac
264 3681 397 3727 velamenta
406 3679 453 3725 alia
463 3681 597 3742 supplicum
607 3696 662 3744 por·
692 3695 735 3730 son
746 3683 793 3730 ond
806 3682 864 3736 Die,
874 3681 901 3728 irs
912 3681 1049 3743 caspius.

154 3750 265 3812 rigentes,
277 3760 352 3801 orare,
362 3753 388 3790 ut
401 3745 531 3807 reciperent
547 3761 608 3800 sese.
624 3761 663 3793 re·
726 3753 736 3778 ⁰
753 3746 829 3810 Luco]
855 3745 918 3792 Plio.
929 3745 967 3804 iii,
978 3752 1003 3794 6.
1016 3746 1201 3795 ‘Vocontiorum

154 3824 283 3910 ceptosqne
294 3807 442 3858 tutarentur!
639 3824 642 3830 ’
693 3810 797 3859 civitatis
811 3810 930 3858 ioederatn
946 3812 995 3858 dno
1014 3811 1105 3874 capita,
1122 3811 1201 3866 Vasio,

220 3877 344 3940 necem]
361 3890 396 3923 sc.
410 3873 546 3920 sestertios:
564 3875 659 3922 Ἦλθε.
694 3877 759 3940 [non
789 3876 900 3939 Vnicum]
927 3884 953 3923 et
978 3876 1059 3926 Lucus
1088 3873 1205 3941 sugam:

153 3943 202 3990 But
214 3945 281 3991 when
293 3942 395 3996 Valens,
407 3955 433 3988 ss
445 3954 478 3987 ue
489 3953 536 3986 aw
548 3938 571 3985 in
583 3941 657 3987 eutii
693 3955 745 3987 now
767 3941 836 3990 Luc:
865 3941 908 3987 bnt
926 3940 969 3989 the
991 3938 1206 4008 greatestpertol

154 4007 201 4055 aad
218 4012 259 4058 64.
277 4007 354 4061 added
371 4008 411 4055 the
427 4005 498 4055 Italic
516 4004 596 4069 legion
612 4003 660 4054 anal
693 4003 912 4057 Lucusiscorsred
921 4006 980 4057 nith
991 4015 1078 4058 water.
