2512 4372
87 147 146 223 '32
427 178 459 225 c.
484 175 669 225 conuecti
692 175 822 226 racrrr
936 161 1065 244 [auc.
1081 160 1156 226 804.

103 304 186 370 acta,
202 306 290 360 etan
308 297 514 360 ulcisceretur
529 297 699 362 consultat.
744 294 862 377 Paucis
876 295 976 360 decus
992 295 1156 381 publicum

102 404 208 448 ottrae:
240 383 347 468 plures
376 392 447 447 tuta
476 383 654 447 disserunt:
695 381 827 446 ‘Omne
857 383 959 446 scelus
985 395 1157 451 externum

102 490 176 536 curn
199 468 314 533 laetitia
336 471 524 533 habendum.
569 470 700 534 Semina
719 470 815 532 etiam
831 469 977 532 odiorum
995 471 1156 554 jacienda,

103 564 141 618 nt
156 577 241 640 saepe
257 557 423 639 Principes
439 555 578 619 Romani
598 557 741 619 eamdem
757 556 953 629 Armeniam,
971 559 1079 640 specie
1096 560 1156 621 lar·

103 641 243 724 gitionis,
267 643 431 706 turbandis
454 643 657 706 barbarorum
676 642 789 704 animis
813 643 1020 724 praebuerint.
1067 642 1157 708 Poti-

102 737 193 793 retur
223 727 453 793 Rhadamistus
482 731 565 792 male
597 729 705 812 partis,
736 728 813 790 dum
843 729 974 802 invisus,
1004 729 1157 804 infamis3

104 815 232 898 quando
257 811 295 878 id'
316 815 418 899 magis
443 837 485 878 ex
512 829 596 894 nsu,¹
620 836 714 900 quarn
742 815 768 878 si
794 837 866 877 cum
893 815 995 898 gloria
1019 817 1156 900 adeptus

103 900 206 966 foret?
251 900 291 965 In
320 902 401 966 hanc
430 902 620 965 sententiam
649 903 740 964 itum.
786 899 841 964 Ne
872 910 977 964 tamen
1007 905 1157 968 annuisse

104 985 237 1054 facinori
253 989 446 1061 viderentur,
468 996 503 1050 et
522 989 649 1051 diversa
664 985 774 1050 Caesar
797 988 995 1073 praeciperet,
1013 990 1101 1054 missi
1116 993 1156 1055 ad

105 1073 342 1139 Pharasmanen
370 1073 486 1146 nuntii,
513 1084 550 1137 ut
579 1075 764 1138 abscederet
791 1097 811 1137 a
840 1074 954 1139 finibus
981 1073 1155 1152 Armeniis,

102 1162 268 1248 filiumque
283 1162 490 1225 abstraheret.

146 1249 200 1312 49.
223 1248 304 1311 Erat
316 1246 526 1332 Cappadociae
542 1256 727 1329 procurator
737 1246 845 1310 Julius
858 1246 1027 1331 Pelignus,
1047 1247 1155 1331 ignavi

104 1335 210 1412 animi,
227 1345 261 1397 et
274 1333 448 1397 deridiculo
463 1332 602 1416 corporis
613 1333 710 1416 juxta
724 1333 965 1417 despiciendum
988 1334 1044 1396 sed
1057 1331 1155 1398 Clau·

104 1423 157 1494 dio
179 1442 332 1504 perquam
345 1419 522 1507 familiaris,
538 1441 610 1481 cnm
634 1420 776 1502 privatus
799 1420 890 1482 olim²
912 1421 1155 1484 conversatione

103 1529 284 1572 scurrarum
309 1508 393 1571 iners
419 1508 518 1570 otium
544 1505 728 1569 oblectaret.
775 1504 808 1568 ls
833 1505 997 1589 Pelignus,
1025 1508 1155 1571 auxiliis

102 1593 343 1679 provincialium
366 1592 547 1664 contractis,
576 1601 738 1675 tamquam
765 1604 1011 1675 recuperaturus
1037 1595 1154 1658 Arme-

103 1683 201 1752 niam,
220 1682 295 1745 dum
317 1680 418 1744 socios
443 1678 544 1762 magis
569 1700 662 1762 quam
686 1679 790 1742 hostes
809 1678 980 1761 praedatur,
1005 1680 1153 1744 abscessu

103 1790 241 1839 snorum,
258 1781 292 1830 et
303 1767 537 1830 incursantibus
559 1766 711 1842 barbaris,
728 1766 868 1848 praesidii
882 1787 990 1848 egeus,
1007 1766 1047 1828 ad
1066 1765 1153 1830 Rha-

103 1855 272 1918 damistum
288 1854 392 1916 venit:
416 1853 570 1935 donisque
589 1852 659 1936 ejus
680 1851 816 1929 evictus,
833 1854 915 1915 ultro
939 1853 1089 1935 ‘regium
1106 1855 1154 1917 in·

103 1943 193 2024 signe
214 1940 356 2002 sumere'
379 1940 582 2010 cohortatur;
605 1939 806 2020 sumentique
822 1939 915 2002 adest
929 1949 1041 2002 auctor
1056 1949 1090 2002 et
1106 1963 1153 2004 sa·

104 2028 203 2090 telles.
250 2026 345 2104 Quod
361 2026 417 2089 ubi
432 2025 517 2108 turpi
532 2025 618 2087 fama
633 2025 845 2108 divulgatum,
866 2046 906 2087 ne
927 2026 1052 2088 ceteri¹‘
1075 2048 1154 2110 quo-

102 2135 165 2198 que
188 2135 229 2176 eu
246 2113 381 2196 Peliguo
404 2112 668 2195 conjectarentur,
686 2109 859 2185 Helvidius
876 2112 1005 2175 Priscus
1029 2112 1153 2196 legatus

101 2223 174 2265 oum
197 2200 322 2286 legione
338 2199 485 2272 mittitur,
504 2199 598 2260 rebus
615 2198 752 2261 turbidis
775 2220 831 2280 pro
853 2208 997 2281 tempore
1018 2207 1055 2261 ut
1078 2222 1153 2263 con-

101 2290 229 2353 suleret,
286 2285 393 2370 Igitur
422 2306 556 2369 propere
585 2295 723 2348 montem
751 2284 893 2348 Taurum
924 2295 1152 2368 transgressus,

101 2375 317 2439 moderatione
346 2373 438 2456 plura
468 2393 562 2455 quam
596 2371 628 2433 vi
657 2383 895 2454 composuerat;
922 2393 993 2435 curn
1021 2373 1152 2436 ‘redire

100 2467 133 2527 iu
158 2461 300 2546 Syriam’
322 2461 465 2544 jubetur,
495 2469 561 2520 ‘ne
584 2457 709 2521 initium
737 2458 810 2521 belli
836 2458 988 2521 adversus
1016 2457 1153 2523 Parthos

99 2549 292 2614 exsisteret’
383 2542 389 2551 ⁸
596 2605 600 2609 .
955 2541 962 2566 “

144 2636 198 2699 50.
223 2632 307 2697 Nam
323 2630 524 2716 Vologeses,'²
545 2652 653 2694 casnm
670 2631 859 2693 invadendae
877 2629 1041 2696 Armeniae
1057 2635 1152 2697 obve-

100 2724 184 2785 nisse
199 2730 297 2795 ratus,
311 2738 407 2800 quam
424 2717 627 2800 amajoribus
643 2717 708 2780 suis
724 2739 909 2799 possessam,
924 2728 1078 2784 externus
1095 2741 1152 2783 rex

101 2808 220 2890 flagitio
244 2805 413 2880 obtineret,
439 2803 597 2866 contrahit
623 2803 740 2886 copias,
765 2805 961 2887 fratremque
981 2806 1152 2870 Tiridaten

99 2896 260 2959 deducere
284 2891 314 2953 in
337 2911 471 2973 regnum
494 2901 603 2972 parat;
626 2911 754 2973 nequa
777 2912 848 2973 pars
870 2891 983 2954 domus
1005 2894 1074 2955 sine
1093 2894 1153 2956 im-

101 2982 188 3063 perio
211 2987 334 3062 ageret.
380 2976 512 3040 Incessu
529 2974 733 3054 Parthorum,
757 2978 825 3039 sine
848 2978 915 3040 acie
940 2978 1022 3060 pulsi
1044 2978 1152 3053 Iberi,

101 3070 260 3151 urbesque
283 3064 504 3129 Armeniorum
527 3061 687 3127 Artaxata
709 3073 743 3127 et
764 3063 1012 3147 Tigranocerta*
1034 3067 1152 3149 jugum

131 3257 193 3303 ‘Ex
201 3252 256 3314 usu]
273 3252 343 3300 Since
353 3251 404 3298 that
414 3250 490 3298 wortld
501 3250 531 3296 bc
541 3264 607 3297 more
639 3250 680 3295 nio
698 3249 914 3298 sordidissimorum
937 3251 1066 3305 bornicum,
1082 3268 1153 3314 super

99 3323 276 3382 advantagscus
294 3327 318 3363 tc
335 3318 376 3365 the
388 3315 505 3369 Romans,
518 3317 575 3361 tlrnn
590 3316 610 3361 it
640 3314 1152 3379 veteremsegnitiaenotam,ebriemtisquc-

99 3387 131 3433 lte
149 3387 195 3431 had
214 3383 324 3444 acquired
338 3382 450 3428 Armenia
462 3380 521 3427 with
538 3380 605 3443 glory
639 3395 686 3441 que
704 3391 730 3425 et
746 3381 805 3427 alere
821 3381 942 3428 infamiam
958 3380 1049 3427 subiit'
1082 3382 1151 3430 Suet.

99 3465 125 3498 ro
138 3449 234 3496 himself
243 3465 249 3493 ι
277 3448 313 3493 lor
330 3452 386 3510 they
402 3447 486 3508 might,
504 3459 531 3492 as
549 3446 607 3508 they
640 3444 725 3492 Claud.
736 3451 759 3496 5.

99 3515 205 3578 pleased,
226 3511 328 3559 ‹lemand
349 3511 408 3557 back
439 3511 480 3556 the
507 3525 607 3572 govern-
669 3518 683 3540 ⁸
702 3509 740 3556 Ne
756 3506 842 3570 ceteri]
868 3510 925 3556 Lest
941 3510 983 3557 the
1000 3520 1050 3557 rest
1067 3513 1095 3558 of
1111 3514 1151 3558 the

99 3593 165 3628 nrmt
181 3581 208 3626 os
228 3577 351 3636 Armenia,
370 3575 416 3622 aud
441 3589 542 3635 rereuge
570 3576 606 3622 his
639 3571 1150 3639 RomansshouldresemblePelignus,and

98 3648 192 3697 mma.
638 3655 703 3686 seem
714 3641 810 3703 equally
823 3641 888 3688 base.

130 3712 268 3760 ‘Prirctue
278 3705 345 3767 olim]
362 3704 486 3759 Claudius,
498 3702 570 3750 while
582 3704 604 3749 in
671 3712 682 3734 ⁰
705 3705 838 3765 Vologeses]
865 3705 887 3752 A
907 3705 1021 3753 Parthian
1039 3708 1108 3771 king,
1125 3709 1153 3756 oi

97 3779 186 3843 private
198 3774 249 3833 tite,
261 3782 266 3800 ¹
277 3770 368 3834 abjecta
380 3785 422 3831 spe
433 3769 566 3830 dignitatis,
574 3771 604 3815 ad
637 3769 716 3816 whour
729 3770 793 3816 osten
807 3770 895 3818 before.

94 3846 168 3892 cunin
177 3839 304 3890 concessit,
315 3834 384 3881 rturdo
393 3838 417 3881 in
429 3834 501 3880 hortis
512 3843 535 3878 et
549 3833 605 3880 sub·
669 3835 819 3891 ’Artaxata
827 3835 1011 3898 Tigranocerta]
1023 3838 1150 3900 Artaxata,

96 3912 183 3957 urbana
198 3907 277 3956 domo,
293 3899 366 3948 modo
382 3900 404 3946 in
419 3897 556 3960 Campania
568 3914 604 3945 se·
638 3899 679 3945 thc
690 3901 777 3962 capital
788 3899 815 3946 oi
823 3901 950 3948 Armenia:
966 3903 996 3948 A.
1007 3903 1034 3962 ii,
1046 3907 1086 3951 56.
1109 3903 1149 3950 Ti·

95 3989 162 4022 ccsru
173 3971 334 4020 delitescens:
353 3976 424 4029 atque
435 3979 467 4011 ex
478 3965 604 4013 contuber-
638 3977 785 4028 granocerta,
803 3965 819 4012 i.
830 3981 852 4012 e.
869 3968 909 4014 the
927 3967 976 4029 city
989 3968 1015 4015 ot
1025 3968 1150 4032 'lignosa

975 4204 981 4229 l
