2512 4372
101 197 248 281 r-.o.i9.]
427 208 632 260 tunsurus
658 211 732 260 uin.
757 208 829 260 xm.
1107 194 1148 263 ll

101 332 164 416 qui,
178 340 336 414 tempore
359 337 456 404 stato,
484 350 542 415 per
563 331 704 414 quietem
730 338 836 395 mouet
858 331 1047 409 sacerdotes,
1076 341 1149 409 ‘ut,

100 418 255 502 tempium
273 417 383 500 juxta,
399 437 500 502 equos
515 417 644 480 venatui
665 418 855 481 adornatost
877 419 1006 482 sistent!
1051 418 1148 504 Equi,

99 505 153 568 ubi
168 504 336 588 pharetras
350 503 424 567 telis
439 512 568 566 onustas
589 523 750 587 accepere,
766 524 824 587 per
843 504 942 568 saltus
955 506 1039 591 vagi,
1054 516 1150 572 nocte

99 592 228 654 demum
260 590 369 653 vacuis
405 590 569 674 pharetris,
599 591 700 653 multo
729 610 799 652 curn
830 590 972 654 anhelitu
1002 593 1148 657 redeunt.

101 675 228 740 Rursus
246 676 350 754 Dens,
374 697 439 759 qna
462 675 566 760 sylvas
589 676 808 759 penetraverit,
825 687 979 741 nocturno
1001 680 1070 743 visu
1093 679 1148 743 de·

100 772 273 827 monstrat:
296 764 562 846 reperiunturque
577 763 657 826 susae
673 763 786 845 passim
803 763 890 825 ierae.

141 849 198 912 14.
229 847 383 912 Ceterum
409 847 575 927 Gotarzes,
601 849 740 912 nondum
769 849 845 912 satis
872 858 967 912 aucto
989 850 1147 930 exercitu,

101 935 230 998 humine
250 935 369 999 Corma
390 957 447 1019 pro
467 935 661 998 munimento
681 935 748 1009 uti;
770 945 803 998 et
818 955 1010 1019 quamquam
1031 957 1087 1018 per
1101 936 1148 998 in·

100 1023 291 1085 ructationes
307 1031 341 1084 et
355 1021 482 1084 nuntios
494 1022 532 1085 ad
548 1021 693 1105 proelium
705 1033 882 1096 vocaretur,
896 1030 1024 1084 nectere
1034 1041 1148 1097 moras,

100 1107 184 1171 iocos
198 1119 335 1182 mutare,
351 1119 396 1183 et,
412 1107 515 1170 missis
534 1108 779 1191 corruptoribus,
795 1109 973 1171 exuendam
993 1107 1032 1170 ad
1052 1107 1148 1172 fidem

102 1192 206 1257 hostes
228 1195 392 1258 emercari.
439 1192 492 1257 Ex
516 1195 606 1277 queis
630 1192 736 1257 Izates
760 1193 958 1268 Adiabenus,
982 1214 1057 1258 mox
1079 1193 1149 1260 Ab·

99 1298 204 1362 garns,
227 1279 372 1343 Arabum
394 1302 467 1343 cum
490 1281 646 1353 exercitu,
665 1281 857 1355 abscedunt;
881 1280 1010 1344 ievitute
1025 1282 1147 1365 gentili,

98 1377 132 1430 et
153 1368 230 1451 quia
253 1366 482 1450 experimentis
501 1368 662 1450 cognitum
683 1375 743 1440 est,
766 1367 912 1430 barbaros
930 1367 1025 1430 mulie
1046 1367 1152 1447 Roma

99 1463 210 1534 petere
224 1474 330 1537 reges,
347 1473 442 1538 quarn
462 1452 588 1517 babere.
634 1451 682 1516 At
699 1453 914 1527 Meherdates,
931 1453 1043 1517 validis
1057 1456 1149 1518 anxi·

100 1539 149 1603 iiis
172 1541 326 1614 nudatus,
351 1549 531 1603 ceterorum
554 1539 731 1623 proditioue
757 1555 915 1624 suspecta,
939 1540 1026 1625 quod
1050 1562 1148 1605 unum

100 1626 271 1711 reliquum,
288 1645 355 1689 rem
379 1625 410 1689 in
433 1646 538 1688 casum
561 1626 649 1699 dare,
673 1625 848 1711 praelioque
869 1626 1007 1709 experiri
1025 1628 1148 1691 statuita

101 1709 173 1776 Neo
202 1711 396 1776 detrectavit
432 1732 571 1795 pugnem
604 1710 771 1785 Gotarzes,
801 1713 972 1776 deminutis
1007 1712 1149 1777 hostibus

101 1798 213 1863 ferox:
253 1820 507 1882 concursumque
529 1819 646 1882 magna
667 1800 765 1874 caede,
786 1809 819 1863 et
840 1799 987 1883 ambiguo
1011 1808 1149 1875 eventu;

100 1886 198 1949 donec
225 1885 435 1963 Carrbeuem,
467 1885 639 1968 profligatis
664 1886 826 1960 obversis,'
852 1885 976 1969 longius
1001 1894 1148 1949 erectum

101 1971 225 2056 integer
241 1993 260 2034 a
275 1980 368 2054 tergo
383 1971 495 2056 globus
510 1971 765 2035 circumveniret.
810 1971 894 2034 Tum
910 1971 993 2034 omni
1008 1993 1065 2054 spe
1080 1994 1148 2056 per·

101 2059 177 2132 dite,
203 2057 411 2122 Meherdates
433 2057 586 2142 promissa
602 2058 781 2132 Parrbacis,
806 2059 927 2140 paterni
949 2059 1084 2138 clientis,
1101 2081 1150 2123 se-

102 2155 203 2220 cutus,
221 2145 295 2221 dolo
314 2144 385 2226 ejus
407 2145 554 2222 vincitur,
572 2145 772 2228 traditurque
790 2146 911 2207 victori.
956 2144 1068 2227 Atque
1083 2145 1147 2221 iiie,

102 2236 187 2294 ‘non
212 2230 437 2314 propinquum,
458 2253 562 2314 neque
579 2230 709 2295 Arsacis
729 2233 770 2294 de
792 2241 897 2313 genle,
920 2230 974 2293 sed
997 2230 1150 2314 alienige·

102 2339 171 2381 nam
187 2328 222 2380 et
233 2317 431 2381 Romanum’
446 2317 620 2400 increpans,
634 2318 761 2381 auribus
776 2316 909 2379 decisis'
923 2315 1031 2378 vivere
1041 2316 1146 2398 jubet,

95 2404 239 2483 ostentui
254 2404 432 2466 elementiae
448 2425 525 2477 suae,
542 2415 575 2467 et
595 2404 626 2466 in
648 2426 705 2466 nos
725 2401 1015 2465 dehonestamento.
1064 2401 1149 2466 Dein

104 2488 257 2554 Gotarzes
273 2491 382 2553 morbo
398 2489 487 2569 obiit,
501 2491 685 2573 accitusque
700 2490 731 2550 in
744 2509 875 2570 regnum
890 2485 1061 2561 Vonones,¹
1078 2487 1148 2552 Me·

105 2575 152 2638 dis
181 2585 248 2639 tum
278 2577 462 2660 praesidens.
521 2575 622 2640 Nulla
649 2574 723 2638 huic
749 2595 898 2658 prospera
923 2582 979 2637 aut
1005 2575 1148 2650 adversa,

103 2662 190 2745 queis
219 2671 467 2727 memoraretur:
505 2663 593 2726 brevi
622 2671 656 2726 et
681 2662 817 2747 inglorio
842 2661 975 2746 imperio
1000 2662 1148 2745 perfunc-

103 2815 158 2863 iocui
171 2816 268 2864 deities.
284 2816 381 2878 Among
391 2816 431 2863 the
443 2815 609 2864 Herculanean
641 2830 726 2862 manos
747 2815 851 2862 cultum:
879 2824 905 2863 et
920 2816 990 2864 durat
1005 2815 1030 2863 iu
1056 2818 1149 2879 pontili-

103 2881 246 2946 paintingsis
254 2896 309 2937 one,
320 2883 418 2930 Pitture
426 2880 557 2930 Antiched'
565 2883 610 2928 Er·
642 2897 695 2928 cum
707 2880 836 2942 disciplina
851 2880 875 2927 id
886 2897 992 2939 sacrum3
1009 2891 1150 2946 coristutque

104 2947 188 3003 somno,
200 2947 248 2993 vol.
264 2946 282 3000 i,
300 2961 323 3009 p.
336 2949 394 2998 207.
408 2945 486 2992 which
503 2946 609 2993 exhibita
642 2945 697 2992 ideo
717 2945 858 2993 occultatum
878 2946 903 2992 in
922 2945 988 3010 eujus
1007 2945 1055 2993 Dei
1074 2949 1150 2995 tuteiu

103 3020 230 3074 aserpent,
247 3012 288 3058 the
305 3010 390 3073 godel
402 3011 444 3056 the
462 3011 609 3073 pisce.witb
644 3008 721 3057 Roma
731 3009 811 3058 esset.'
842 3011 888 3058 See
900 3011 949 3057 uiso
960 3011 1067 3058 Macrob.
1078 3012 1114 3066 iii.
1124 3017 1166 3061 tn>

103 3073 148 3121 this
165 3076 313 3124 remarkable
333 3075 473 3138 inscription
483 3092 488 3120 ε
514 3089 610 3123 cenrvs
642 3076 721 3121 where
729 3076 751 3122 is
760 3075 831 3122 much
839 3074 989 3123 inlornration
998 3091 1028 3123 on
1038 3077 1078 3122 tbe
1087 3086 1150 3128 tuta·

106 3152 180 3188 natvs
198 3155 258 3188 cocr
280 3155 384 3188 nonus.
419 3140 482 3202 Why
500 3138 612 3187 however
643 3140 694 3203 iary
707 3139 801 3187 deities.

103 3202 210 3267 ignorant
220 3206 318 3252 mortuis
331 3204 421 3252 offered
438 3205 501 3251 their
517 3219 611 3268 prayers
675 3212 686 3245 ⁹
707 3205 809 3254 Venami
824 3203 962 3266 adornatos]
980 3204 1005 3252 It
1021 3205 1040 3252 is
1056 3213 1150 3271 strapge

105 3274 164 3318 thore
174 3286 206 3318 on
217 3270 354 3316 mountains
364 3269 420 3316 than
437 3270 462 3316 in
480 3270 578 3333 raiiays,
590 3270 611 3316 is
643 3267 696 3315 tbut
712 3269 760 3316 this
775 3269 917 3316 marcelinus
935 3278 1001 3333 story
1018 3258 1102 3317 s'ironid
1121 3274 1151 3320 be

104 3338 233 3382 accounted
251 3334 287 3381 ior
302 3335 334 3398 by
344 3335 451 3390 Tacitus,
468 3333 500 3380 A.
512 3335 560 3393 xiii,
570 3340 611 3384 57.
642 3333 755 3381 recorded
772 3335 805 3398 by
816 3332 923 3398 Tacitus,
939 3335 986 3382 and
1002 3334 1103 3383 omitted
1119 3336 1150 3401 by

106 3405 111 3421 ¹
123 3397 167 3446 Eos
177 3399 283 3446 maxime
295 3400 360 3446 iocos
371 3399 528 3463 propinquare
541 3399 609 3455 culo,
642 3399 674 3444 aii
686 3400 776 3447 others.

104 3475 228 3528 precesque
245 3464 380 3512 mortalium
394 3464 478 3512 aDeis
494 3479 609 3526 nusquam
674 3464 848 3529 'Profligutis
872 3463 985 3527 obuersis]
1016 3461 1069 3510 The
1091 3465 1150 3514 Pur·

105 3529 197 3591 propius
207 3527 303 3577 audiri!
330 3531 379 3578 But
389 3544 403 3576 a
414 3544 478 3576 more
488 3530 609 3577 recondite
629 3526 707 3575 ‘tirian
727 3537 815 3593 troops,
828 3528 907 3576 which
924 3543 984 3576 were
1001 3529 1109 3591 opposite
1126 3541 1152 3580 to

105 3607 143 3639 use
152 3597 178 3640 oi
186 3595 255 3641 these
265 3595 323 3642 rites
332 3595 355 3642 is
366 3595 436 3657 giren
447 3609 475 3641 us
485 3593 517 3658 by
528 3593 609 3658 Pliny,
643 3593 699 3640 him.

103 3659 181 3720 xxviii,
193 3662 217 3706 2.
251 3660 371 3707 ‘Verrius
387 3658 486 3706 Flaccus
501 3667 611 3707 auctores
674 3655 805 3706 ‘Auribus
822 3658 920 3723 decisis]
945 3657 997 3705 The
1018 3667 1111 3706 custom
1128 3658 1157 3707 ol

104 3725 178 3782 ponit,
190 3724 278 3786 quibus
288 3724 378 3779 credat,
390 3724 414 3771 in
427 3724 612 3788 oppugnationi·
645 3721 737 3786 cutting
747 3723 783 3770 off
795 3723 836 3769 the
852 3738 909 3770 nose
926 3721 973 3770 und
985 3737 1048 3783 ears,
1065 3725 1111 3769 and
1128 3723 1155 3770 oi

104 3785 145 3834 bns
166 3797 222 3835 ante
243 3789 325 3837 omniu
346 3790 442 3835 solitum
463 3804 478 3836 u
498 3789 612 3835 Romanis
643 3787 742 3850 digging
753 3803 779 3834 or
790 3787 891 3850 dnsbing
902 3799 943 3835 ont
953 3788 995 3835 the
1006 3802 1064 3851 eyes
1074 3787 1101 3834 ol
1112 3789 1152 3833 tiss

103 3854 267 3902 sacerdotibus
285 3854 378 3901 evocari
396 3853 485 3910 Deum,
502 3853 571 3915 cujus
586 3855 611 3900 in
644 3852 803 3915 cunquished,
813 3867 861 3900 nas
871 3854 927 3913 long
937 3850 1093 3915 prevale-utin
1111 3852 1154 3900 the

103 3919 174 3965 tutata
189 3918 216 3965 id
230 3918 345 3982 oppidum
362 3928 442 3978 esaet3
459 3919 565 3982 promitti
583 3934 613 3966 ne
646 3916 711 3964 Euat.

103 3980 136 4028 im
153 3982 258 4032 eundern
276 3992 318 4032 aut
333 3983 473 4047 ampliorem
486 3983 548 4048 apud
563 3933 614 4031 flo-
679 3981 687 4013 l
706 3981 827 4046 Vonones]
845 3981 960 4030 Vonones
971 3978 1007 4028 ti.
