<?xml version="1.0" encoding="UTF-8"?>
<!DOCTYPE html PUBLIC "-//W3C//DTD XHTML 1.0 Transitional//EN"
    "http://www.w3.org/TR/xhtml1/DTD/xhtml1-transitional.dtd">
<html xmlns="http://www.w3.org/1999/xhtml" xml:lang="en" lang="en">
 <head>
  <title>
</title>
<meta http-equiv="Content-Type" content="text/html;charset=utf-8" />
  <meta name='ocr-system' content='tesseract 3.04.00' />
  <meta name='ocr-capabilities' content='ocr_page ocr_carea ocr_par ocr_line ocrx_word'/>
</head>
<body>
  <div class='ocr_page' id='page_1' title='image "./ccorneliitaciti05tacigoog_0210.png"; bbox 0 0 2512 4372; ppageno 0'>
   <div class='ocr_carea' id='block_1_1' title="bbox 59 175 1108 260">
    <p class='ocr_par' dir='ltr' id='par_1_1' title="bbox 59 175 1108 260">
     <span class='ocr_line' id='line_1_1' title="bbox 59 175 1108 260; baseline 0.005 -19"><span class='ocrx_word' id='word_1_1' title='bbox 59 177 214 260; x_wconf 62' lang='lat' dir='ltr'><strong>acea]</strong></span> <span class='ocrx_word' id='word_1_2' title='bbox 316 217 319 220; x_wconf 55' lang='lat'><strong>&gt;</strong></span> <span class='ocrx_word' id='word_1_3' title='bbox 378 193 644 242; x_wconf 70' lang='lat' dir='ltr'><strong>ammonitrum</strong></span> <span class='ocrx_word' id='word_1_4' title='bbox 673 193 747 248; x_wconf 74' lang='lat' dir='ltr'><strong>nra.</strong></span> <span class='ocrx_word' id='word_1_5' title='bbox 771 195 795 242; x_wconf 92' lang='lat'><strong>1.</strong></span> <span class='ocrx_word' id='word_1_6' title='bbox 1042 175 1108 253; x_wconf 73' lang='grc'><strong>’219</strong></span> 
     </span>
    </p>
   </div>
   <div class='ocr_carea' id='block_1_2' title="bbox 59 313 1118 1675">
    <p class='ocr_par' dir='ltr' id='par_1_2' title="bbox 59 313 1110 744">
     <span class='ocr_line' id='line_1_2' title="bbox 59 313 1108 397; baseline 0.001 -19"><span class='ocrx_word' id='word_1_7' title='bbox 59 315 244 378; x_wconf 86' lang='lat' dir='ltr'><strong>interiorem</strong></span> <span class='ocrx_word' id='word_1_8' title='bbox 266 313 465 397; x_wconf 53' lang='lat' dir='ltr'><strong>potentiam?</strong></span> <span class='ocrx_word' id='word_1_9' title='bbox 487 322 631 397; x_wconf 83' lang='lat' dir='ltr'><strong>agerent,</strong></span> <span class='ocrx_word' id='word_1_10' title='bbox 654 313 775 393; x_wconf 82' lang='lat' dir='ltr'><strong>ferrent</strong></span> <span class='ocrx_word' id='word_1_11' title='bbox 797 323 942 378; x_wconf 50' lang='lat' dir='ltr'><strong>cuncte</strong></span> <span class='ocrx_word' id='word_1_12' title='bbox 968 313 1052 379; x_wconf 89' lang='lat' dir='ltr'><strong>Odio</strong></span> <span class='ocrx_word' id='word_1_13' title='bbox 1074 325 1108 379; x_wconf 88' lang='lat' dir='ltr'><strong>et</strong></span> 
     </span>
     <span class='ocr_line' id='line_1_3' title="bbox 61 401 1109 484; baseline 0.002 -20"><span class='ocrx_word' id='word_1_14' title='bbox 61 404 205 464; x_wconf 72' lang='lat' dir='ltr'><strong>terrore⁸</strong></span> <span class='ocrx_word' id='word_1_15' title='bbox 227 401 368 484; x_wconf 84' lang='lat' dir='ltr'>corrupti</span> <span class='ocrx_word' id='word_1_16' title='bbox 387 401 418 462; x_wconf 91' lang='lat' dir='ltr'><strong>in</strong></span> <span class='ocrx_word' id='word_1_17' title='bbox 441 401 582 463; x_wconf 93' lang='lat' dir='ltr'><strong>dominos</strong></span> <span class='ocrx_word' id='word_1_18' title='bbox 597 401 691 481; x_wconf 84' lang='lat' dir='ltr'><strong>servi,</strong></span> <span class='ocrx_word' id='word_1_19' title='bbox 708 401 740 464; x_wconf 92' lang='lat' dir='ltr'><strong>in</strong></span> <span class='ocrx_word' id='word_1_20' title='bbox 759 410 907 483; x_wconf 90' lang='lat' dir='ltr'><strong>patronos</strong></span> <span class='ocrx_word' id='word_1_21' title='bbox 930 401 1052 475; x_wconf 86' lang='lat' dir='ltr'><strong>liberti;</strong></span> <span class='ocrx_word' id='word_1_22' title='bbox 1075 413 1109 466; x_wconf 90' lang='lat' dir='ltr'><strong>et</strong></span> 
     </span>
     <span class='ocr_line' id='line_1_4' title="bbox 62 487 1110 571; baseline 0.002 -21"><span class='ocrx_word' id='word_1_23' title='bbox 62 488 180 571; x_wconf 89' lang='lat' dir='ltr'><strong>quibus</strong></span> <span class='ocrx_word' id='word_1_24' title='bbox 195 488 305 551; x_wconf 87' lang='lat' dir='ltr'><strong>deerat</strong></span> <span class='ocrx_word' id='word_1_25' title='bbox 318 487 475 566; x_wconf 88' lang='lat' dir='ltr'><strong>inimicus,</strong></span> <span class='ocrx_word' id='word_1_26' title='bbox 495 508 552 569; x_wconf 91' lang='lat' dir='ltr'><strong>per</strong></span> <span class='ocrx_word' id='word_1_27' title='bbox 567 487 682 550; x_wconf 86' lang='lat' dir='ltr'><strong>amicos</strong></span> <span class='ocrx_word' id='word_1_28' title='bbox 697 488 859 570; x_wconf 67' lang='lat' dir='ltr'><strong>oppressi!</strong></span> <span class='ocrx_word' id='word_1_29' title='bbox 903 487 937 550; x_wconf 97' lang='lat' dir='ltr'>N</span> <span class='ocrx_word' id='word_1_30' title='bbox 939 510 980 552; x_wconf 90' lang='lat' dir='ltr'><strong>on</strong></span> <span class='ocrx_word' id='word_1_31' title='bbox 1002 498 1110 552; x_wconf 84' lang='lat' dir='ltr'><strong>tamen</strong></span> 
     </span>
     <span class='ocr_line' id='line_1_5' title="bbox 62 573 1110 658; baseline 0.003 -22"><span class='ocrx_word' id='word_1_32' title='bbox 62 575 144 637; x_wconf 87' lang='lat' dir='ltr'><strong>adeo</strong></span> <span class='ocrx_word' id='word_1_33' title='bbox 170 573 324 637; x_wconf 90' lang='lat' dir='ltr'><strong>virtutum</strong></span> <span class='ocrx_word' id='word_1_34' title='bbox 348 573 456 637; x_wconf 90' lang='lat' dir='ltr'><strong>sterile</strong></span> <span class='ocrx_word' id='word_1_35' title='bbox 477 573 628 647; x_wconf 91' lang='lat' dir='ltr'><strong>seculum,</strong></span> <span class='ocrx_word' id='word_1_36' title='bbox 654 580 774 637; x_wconf 79' lang='lat' dir='ltr'><strong>utnon</strong></span> <span class='ocrx_word' id='word_1_37' title='bbox 799 582 833 638; x_wconf 91' lang='lat' dir='ltr'><strong>et</strong></span> <span class='ocrx_word' id='word_1_38' title='bbox 857 575 937 638; x_wconf 89' lang='lat' dir='ltr'><strong>hona</strong></span> <span class='ocrx_word' id='word_1_39' title='bbox 962 575 1110 658; x_wconf 87' lang='lat' dir='ltr'><strong>exempla</strong></span> 
     </span>
     <span class='ocr_line' id='line_1_6' title="bbox 64 660 650 744; baseline -0.005 -22"><span class='ocrx_word' id='word_1_40' title='bbox 64 660 254 744; x_wconf 83' lang='lat' dir='ltr'><strong>prodiderit.</strong></span> <span class='ocrx_word' id='word_1_41' title='bbox 646 731 650 738; x_wconf 22' lang='grc' dir='ltr'>ι</span> 
     </span>
    </p>

    <p class='ocr_par' dir='ltr' id='par_1_3' title="bbox 64 745 1118 1675">
     <span class='ocr_line' id='line_1_7' title="bbox 108 745 1110 829; baseline 0.001 -18"><span class='ocrx_word' id='word_1_42' title='bbox 108 747 144 810; x_wconf 86' lang='grc'><strong>3.’</strong></span> <span class='ocrx_word' id='word_1_43' title='bbox 166 745 334 811; x_wconf 86' lang='lat' dir='ltr'><strong>Comitatee</strong></span> <span class='ocrx_word' id='word_1_44' title='bbox 349 746 499 829; x_wconf 85' lang='lat' dir='ltr'><strong>profugos</strong></span> <span class='ocrx_word' id='word_1_45' title='bbox 513 745 627 810; x_wconf 88' lang='lat' dir='ltr'><strong>liberos</strong></span> <span class='ocrx_word' id='word_1_46' title='bbox 642 754 777 811; x_wconf 86' lang='lat' dir='ltr'><strong>matres:</strong></span> <span class='ocrx_word' id='word_1_47' title='bbox 800 755 920 810; x_wconf 83' lang='lat' dir='ltr'><strong>secutae</strong></span> <span class='ocrx_word' id='word_1_48' title='bbox 935 747 1062 812; x_wconf 87' lang='lat' dir='ltr'><strong>maritos</strong></span> <span class='ocrx_word' id='word_1_49' title='bbox 1077 748 1110 812; x_wconf 91' lang='lat' dir='ltr'><strong>in</strong></span> 
     </span>
     <span class='ocr_line' id='line_1_8' title="bbox 64 832 1109 922; baseline 0.002 -27"><span class='ocrx_word' id='word_1_50' title='bbox 64 833 165 897; x_wconf 85' lang='lat' dir='ltr'><strong>exilia</strong></span> <span class='ocrx_word' id='word_1_51' title='bbox 187 833 337 922; x_wconf 87' lang='lat' dir='ltr'><strong>conjuges</strong></span> <span class='ocrx_word' id='word_1_52' title='bbox 348 854 361 895; x_wconf 73' lang='grc' dir='ltr'><strong>ι·</strong></span> <span class='ocrx_word' id='word_1_53' title='bbox 386 832 554 917; x_wconf 90' lang='lat' dir='ltr'><strong>propinqui</strong></span> <span class='ocrx_word' id='word_1_54' title='bbox 578 832 748 915; x_wconf 83' lang='lat' dir='ltr'><strong>audentes:</strong></span> <span class='ocrx_word' id='word_1_55' title='bbox 776 843 956 897; x_wconf 82' lang='lat' dir='ltr'><strong>constantes</strong></span> <span class='ocrx_word' id='word_1_56' title='bbox 982 835 1109 917; x_wconf 79' lang='lat' dir='ltr'>generi:</span> 
     </span>
     <span class='ocr_line' id='line_1_9' title="bbox 65 919 1110 998; baseline 0.002 -17"><span class='ocrx_word' id='word_1_57' title='bbox 65 928 251 994; x_wconf 85' lang='lat' dir='ltr'><strong>contumax,</strong></span> <span class='ocrx_word' id='word_1_58' title='bbox 272 919 368 983; x_wconf 87' lang='lat' dir='ltr'><strong>etiarn</strong></span> <span class='ocrx_word' id='word_1_59' title='bbox 390 919 541 982; x_wconf 89' lang='lat' dir='ltr'><strong>adversus</strong></span> <span class='ocrx_word' id='word_1_60' title='bbox 565 927 732 998; x_wconf 89' lang='lat' dir='ltr'><strong>tormenta,</strong></span> <span class='ocrx_word' id='word_1_61' title='bbox 753 936 916 985; x_wconf 89' lang='lat' dir='ltr'><strong>servorum</strong></span> <span class='ocrx_word' id='word_1_62' title='bbox 938 920 1034 983; x_wconf 90' lang='lat' dir='ltr'><strong>fides:</strong></span> <span class='ocrx_word' id='word_1_63' title='bbox 1059 940 1110 983; x_wconf 90' lang='lat' dir='ltr'><strong>su-</strong></span> 
     </span>
     <span class='ocr_line' id='line_1_10' title="bbox 65 1005 1112 1089; baseline 0.002 -22"><span class='ocrx_word' id='word_1_64' title='bbox 65 1027 185 1088; x_wconf 86' lang='lat' dir='ltr'><strong>premae</strong></span> <span class='ocrx_word' id='word_1_65' title='bbox 201 1005 355 1070; x_wconf 86' lang='lat' dir='ltr'><strong>clarorum</strong></span> <span class='ocrx_word' id='word_1_66' title='bbox 370 1006 509 1069; x_wconf 90' lang='lat' dir='ltr'><strong>virorum</strong></span> <span class='ocrx_word' id='word_1_67' title='bbox 524 1005 749 1082; x_wconf 87' lang='lat' dir='ltr'><strong>necessitates;</strong></span> <span class='ocrx_word' id='word_1_68' title='bbox 769 1007 838 1089; x_wconf 89' lang='lat' dir='ltr'><strong>ipsa</strong></span> <span class='ocrx_word' id='word_1_69' title='bbox 856 1008 1027 1070; x_wconf 77' lang='lat' dir='ltr'><strong>necessitas</strong></span> <span class='ocrx_word' id='word_1_70' title='bbox 1047 1006 1112 1070; x_wconf 89' lang='lat' dir='ltr'><strong>for·</strong></span> 
     </span>
     <span class='ocr_line' id='line_1_11' title="bbox 68 1091 1109 1177; baseline 0.003 -24"><span class='ocrx_word' id='word_1_71' title='bbox 68 1091 145 1154; x_wconf 90' lang='lat' dir='ltr'><strong>titer</strong></span> <span class='ocrx_word' id='word_1_72' title='bbox 157 1092 308 1167; x_wconf 86' lang='lat' dir='ltr'><strong>tolerata;</strong></span> <span class='ocrx_word' id='word_1_73' title='bbox 323 1101 357 1155; x_wconf 90' lang='lat' dir='ltr'><strong>et</strong></span> <span class='ocrx_word' id='word_1_74' title='bbox 367 1091 504 1155; x_wconf 86' lang='lat' dir='ltr'><strong>laudatis</strong></span> <span class='ocrx_word' id='word_1_75' title='bbox 514 1093 716 1177; x_wconf 91' lang='lat' dir='ltr'><strong>antiquorum</strong></span> <span class='ocrx_word' id='word_1_76' title='bbox 727 1094 878 1157; x_wconf 88' lang='lat' dir='ltr'><strong>mortibus</strong></span> <span class='ocrx_word' id='word_1_77' title='bbox 891 1114 981 1177; x_wconf 88' lang='lat' dir='ltr'><strong>pares</strong></span> <span class='ocrx_word' id='word_1_78' title='bbox 993 1093 1109 1156; x_wconf 77' lang='lat' dir='ltr'><strong>exitus.</strong></span> 
     </span>
     <span class='ocr_line' id='line_1_12' title="bbox 67 1177 1118 1263; baseline 0.001 -21"><span class='ocrx_word' id='word_1_79' title='bbox 67 1177 196 1242; x_wconf 84' lang='lat' dir='ltr'><strong>Praeter</strong></span> <span class='ocrx_word' id='word_1_80' title='bbox 207 1178 396 1261; x_wconf 84' lang='lat' dir='ltr'><strong>multiplices</strong></span> <span class='ocrx_word' id='word_1_81' title='bbox 410 1200 515 1242; x_wconf 89' lang='lat' dir='ltr'><strong>rerum</strong></span> <span class='ocrx_word' id='word_1_82' title='bbox 531 1179 737 1244; x_wconf 85' lang='lat' dir='ltr'><strong>humanarum</strong></span> <span class='ocrx_word' id='word_1_83' title='bbox 750 1180 953 1255; x_wconf 71' lang='lat' dir='ltr'><strong>casus,·noelo&#39;</strong></span> <span class='ocrx_word' id='word_1_84' title='bbox 962 1188 1118 1263; x_wconf 65' lang='lat' dir='ltr'><strong>terraque*</strong></span> 
     </span>
     <span class='ocr_line' id='line_1_13' title="bbox 67 1265 1110 1350; baseline 0.003 -23"><span class='ocrx_word' id='word_1_85' title='bbox 67 1266 224 1349; x_wconf 87' lang='lat' dir='ltr'><strong>prodigia,</strong></span> <span class='ocrx_word' id='word_1_86' title='bbox 237 1275 270 1328; x_wconf 90' lang='lat' dir='ltr'><strong>et</strong></span> <span class='ocrx_word' id='word_1_87' title='bbox 280 1265 448 1347; x_wconf 85' lang='lat' dir='ltr'><strong>fulminum</strong></span> <span class='ocrx_word' id='word_1_88' title='bbox 460 1267 597 1330; x_wconf 87' lang='lat' dir='ltr'><strong>monitus</strong></span> <span class='ocrx_word' id='word_1_89' title='bbox 607 1275 641 1329; x_wconf 91' lang='lat' dir='ltr'><strong>et</strong></span> <span class='ocrx_word' id='word_1_90' title='bbox 652 1267 833 1330; x_wconf 83' lang='lat' dir='ltr'><strong>futurorum</strong></span> <span class='ocrx_word' id='word_1_91' title='bbox 848 1267 1012 1350; x_wconf 86' lang='lat' dir='ltr'><strong>praesagia,</strong></span> <span class='ocrx_word' id='word_1_92' title='bbox 1026 1266 1110 1341; x_wconf 84' lang='lat' dir='ltr'><strong>lecta,</strong></span> 
     </span>
     <span class='ocr_line' id='line_1_14' title="bbox 66 1351 1112 1437; baseline 0.002 -23"><span class='ocrx_word' id='word_1_93' title='bbox 66 1351 187 1431; x_wconf 84' lang='lat' dir='ltr'><strong>tristia,</strong></span> <span class='ocrx_word' id='word_1_94' title='bbox 202 1353 362 1434; x_wconf 87' lang='lat' dir='ltr'><strong>ambigua,</strong></span> <span class='ocrx_word' id='word_1_95' title='bbox 386 1352 575 1415; x_wconf 83' lang='lat' dir='ltr'><strong>manifesta:</strong></span> <span class='ocrx_word' id='word_1_96' title='bbox 608 1374 667 1416; x_wconf 89' lang='lat' dir='ltr'><strong>nec</strong></span> <span class='ocrx_word' id='word_1_97' title='bbox 682 1353 767 1416; x_wconf 90' lang='lat' dir='ltr'><strong>enim</strong></span> <span class='ocrx_word' id='word_1_98' title='bbox 783 1374 933 1437; x_wconf 89' lang='lat' dir='ltr'><strong>umquam</strong></span> <span class='ocrx_word' id='word_1_99' title='bbox 949 1354 1112 1416; x_wconf 88' lang='lat' dir='ltr'><strong>atrociori-</strong></span> 
     </span>
     <span class='ocr_line' id='line_1_15' title="bbox 68 1437 1114 1523; baseline 0.001 -22"><span class='ocrx_word' id='word_1_100' title='bbox 68 1439 127 1501; x_wconf 90' lang='lat' dir='ltr'><strong>bus</strong></span> <span class='ocrx_word' id='word_1_101' title='bbox 141 1438 252 1522; x_wconf 91' lang='lat' dir='ltr'><strong>populi</strong></span> <span class='ocrx_word' id='word_1_102' title='bbox 268 1437 404 1502; x_wconf 85' lang='lat' dir='ltr'><strong>Romani</strong></span> <span class='ocrx_word' id='word_1_103' title='bbox 418 1438 569 1515; x_wconf 86' lang='lat' dir='ltr'><strong>cladibus,</strong></span> <span class='ocrx_word' id='word_1_104' title='bbox 585 1439 726 1522; x_wconf 82' lang='lat' dir='ltr'><strong>magisve</strong></span> <span class='ocrx_word' id='word_1_105' title='bbox 743 1440 839 1522; x_wconf 88' lang='lat' dir='ltr'><strong>justis</strong></span> <span class='ocrx_word' id='word_1_106' title='bbox 860 1438 1114 1523; x_wconf 83' lang='lat' dir='ltr'><strong>indiciisnppro-</strong></span> 
     </span>
     <span class='ocr_line' id='line_1_16' title="bbox 67 1524 1113 1601; baseline 0.003 -14"><span class='ocrx_word' id='word_1_107' title='bbox 67 1525 178 1589; x_wconf 91' lang='lat' dir='ltr'><strong>batum</strong></span> <span class='ocrx_word' id='word_1_108' title='bbox 199 1533 257 1596; x_wconf 86' lang='lat' dir='ltr'><strong>est.</strong></span> <span class='ocrx_word' id='word_1_109' title='bbox 277 1546 339 1588; x_wconf 93' lang='lat' dir='ltr'><strong>non</strong></span> <span class='ocrx_word' id='word_1_110' title='bbox 358 1545 426 1588; x_wconf 91' lang='lat' dir='ltr'><strong>esse</strong></span> <span class='ocrx_word' id='word_1_111' title='bbox 446 1546 530 1588; x_wconf 84' lang='lat' dir='ltr'><strong>cnrae</strong></span> <span class='ocrx_word' id='word_1_112' title='bbox 548 1524 627 1588; x_wconf 88' lang='lat' dir='ltr'><strong>Deis</strong></span> <span class='ocrx_word' id='word_1_113' title='bbox 648 1526 851 1590; x_wconf 82' lang='lat' dir='ltr'><strong>securitatem</strong></span> <span class='ocrx_word' id='word_1_114' title='bbox 873 1538 1023 1601; x_wconf 90' lang='lat' dir='ltr'><strong>nostram,</strong></span> <span class='ocrx_word' id='word_1_115' title='bbox 1042 1542 1113 1590; x_wconf 86' lang='lat' dir='ltr'><strong>esse</strong></span> 
     </span>
     <span class='ocr_line' id='line_1_17' title="bbox 68 1610 250 1675; baseline 0.022 -5"><span class='ocrx_word' id='word_1_116' title='bbox 68 1610 250 1675; x_wconf 80' lang='lat' dir='ltr'><strong>ultionem.d</strong></span> 
     </span>
    </p>
   </div>
   <div class='ocr_carea' id='block_1_3' title="bbox 63 1697 1118 2129">
    <p class='ocr_par' dir='ltr' id='par_1_4' title="bbox 63 1697 1113 2042">
     <span class='ocr_line' id='line_1_18' title="bbox 71 1697 1113 1784; baseline 0 -22"><span class='ocrx_word' id='word_1_117' title='bbox 71 1771 74 1775; x_wconf 70' lang='lat'>‚</span> <span class='ocrx_word' id='word_1_118' title='bbox 113 1699 147 1762; x_wconf 82' lang='lat'><strong>4.</strong></span> <span class='ocrx_word' id='word_1_119' title='bbox 161 1697 326 1776; x_wconf 88' lang='lat' dir='ltr'><strong>Ceterum,</strong></span> <span class='ocrx_word' id='word_1_120' title='bbox 339 1705 509 1781; x_wconf 88' lang='lat' dir='ltr'><strong>antequam</strong></span> <span class='ocrx_word' id='word_1_121' title='bbox 520 1697 679 1762; x_wconf 84' lang='lat' dir='ltr'><strong>destinata</strong></span> <span class='ocrx_word' id='word_1_122' title='bbox 693 1719 888 1780; x_wconf 90' lang='lat' dir='ltr'><strong>componam,</strong></span> <span class='ocrx_word' id='word_1_123' title='bbox 903 1701 1113 1784; x_wconf 86' lang='lat' dir='ltr'><strong>repetendum</strong></span> 
     </span>
     <span class='ocr_line' id='line_1_19' title="bbox 63 1783 1113 1868; baseline 0.001 -20"><span class='ocrx_word' id='word_1_124' title='bbox 63 1784 210 1864; x_wconf 80' lang='lat' dir='ltr'><strong>videtur,</strong></span> <span class='ocrx_word' id='word_1_125' title='bbox 233 1783 336 1867; x_wconf 89' lang='lat' dir='ltr'><strong>qualis</strong></span> <span class='ocrx_word' id='word_1_126' title='bbox 356 1790 458 1846; x_wconf 85' lang='lat' dir='ltr'><strong>status</strong></span> <span class='ocrx_word' id='word_1_127' title='bbox 483 1783 592 1858; x_wconf 88' lang='lat' dir='ltr'><strong>Urbis,</strong></span> <span class='ocrx_word' id='word_1_128' title='bbox 613 1806 685 1867; x_wconf 85' lang='lat' dir='ltr'><strong>quae</strong></span> <span class='ocrx_word' id='word_1_129' title='bbox 703 1805 790 1848; x_wconf 90' lang='lat' dir='ltr'><strong>mens</strong></span> <span class='ocrx_word' id='word_1_130' title='bbox 811 1785 1020 1859; x_wconf 88' lang='lat' dir='ltr'><strong>exercituum,</strong></span> <span class='ocrx_word' id='word_1_131' title='bbox 1043 1786 1113 1868; x_wconf 89' lang='lat' dir='ltr'><strong>quis</strong></span> 
     </span>
     <span class='ocr_line' id='line_1_20' title="bbox 70 1869 1111 1955; baseline -0.001 -20"><span class='ocrx_word' id='word_1_132' title='bbox 70 1871 198 1935; x_wconf 87' lang='lat' dir='ltr'><strong>habitus</strong></span> <span class='ocrx_word' id='word_1_133' title='bbox 213 1869 457 1953; x_wconf 86' lang='lat' dir='ltr'><strong>provinciarum,</strong></span> <span class='ocrx_word' id='word_1_134' title='bbox 473 1870 551 1955; x_wconf 91' lang='lat' dir='ltr'><strong>quid</strong></span> <span class='ocrx_word' id='word_1_135' title='bbox 569 1871 601 1934; x_wconf 92' lang='lat' dir='ltr'><strong>in</strong></span> <span class='ocrx_word' id='word_1_136' title='bbox 617 1879 684 1935; x_wconf 91' lang='lat' dir='ltr'><strong>toto</strong></span> <span class='ocrx_word' id='word_1_137' title='bbox 701 1877 855 1935; x_wconf 86' lang='lat' dir='ltr'><strong>terrarum</strong></span> <span class='ocrx_word' id='word_1_138' title='bbox 870 1871 946 1935; x_wconf 88' lang='lat' dir='ltr'><strong>orbe</strong></span> <span class='ocrx_word' id='word_1_139' title='bbox 961 1872 1111 1947; x_wconf 83' lang='lat' dir='ltr'><strong>validum,</strong></span> 
     </span>
     <span class='ocr_line' id='line_1_21' title="bbox 70 1957 1111 2042; baseline -0.002 -20"><span class='ocrx_word' id='word_1_140' title='bbox 70 1958 150 2041; x_wconf 87' lang='lat' dir='ltr'><strong>quid</strong></span> <span class='ocrx_word' id='word_1_141' title='bbox 166 1978 287 2040; x_wconf 86' lang='lat' dir='ltr'><strong>aegrum</strong></span> <span class='ocrx_word' id='word_1_142' title='bbox 301 1957 418 2031; x_wconf 86' lang='lat' dir='ltr'><strong>fuerit;</strong></span> <span class='ocrx_word' id='word_1_143' title='bbox 440 1965 477 2019; x_wconf 92' lang='lat' dir='ltr'><strong>ut</strong></span> <span class='ocrx_word' id='word_1_144' title='bbox 497 1979 557 2021; x_wconf 92' lang='lat' dir='ltr'><strong>non</strong></span> <span class='ocrx_word' id='word_1_145' title='bbox 571 1958 665 2022; x_wconf 93' lang='lat' dir='ltr'><strong>modo</strong></span> <span class='ocrx_word' id='word_1_146' title='bbox 679 1980 770 2022; x_wconf 84' lang='lat' dir='ltr'><strong>casus</strong></span> <span class='ocrx_word' id='word_1_147' title='bbox 785 1966 1111 2042; x_wconf 84' lang='lat' dir='ltr'><strong>eventusqne&#39;rerum,</strong></span> 
     </span>
    </p>

    <p class='ocr_par' dir='ltr' id='par_1_5' title="bbox 70 2043 1118 2129">
     <span class='ocr_line' id='line_1_22' title="bbox 70 2043 1118 2129; baseline -0.001 -22"><span class='ocrx_word' id='word_1_148' title='bbox 70 2044 128 2127; x_wconf 88' lang='lat' dir='ltr'><strong>qui</strong></span> <span class='ocrx_word' id='word_1_149' title='bbox 155 2044 342 2128; x_wconf 86' lang='lat' dir='ltr'><strong>plerumque</strong></span> <span class='ocrx_word' id='word_1_150' title='bbox 361 2043 486 2107; x_wconf 85' lang='lat' dir='ltr'><strong>fortuiti</strong></span> <span class='ocrx_word' id='word_1_151' title='bbox 506 2051 613 2123; x_wconf 76' lang='lat' dir='ltr'><strong>sunt,⁰</strong></span> <span class='ocrx_word' id='word_1_152' title='bbox 630 2045 686 2109; x_wconf 90' lang='lat' dir='ltr'><strong>sed</strong></span> <span class='ocrx_word' id='word_1_153' title='bbox 705 2044 789 2109; x_wconf 90' lang='lat' dir='ltr'><strong>ratio</strong></span> <span class='ocrx_word' id='word_1_154' title='bbox 808 2044 904 2107; x_wconf 88' lang='lat' dir='ltr'><strong>etiam</strong></span> <span class='ocrx_word' id='word_1_155' title='bbox 926 2045 1118 2129; x_wconf 82' lang='lat' dir='ltr'><strong>causaeques</strong></span> 
     </span>
    </p>
   </div>
   <div class='ocr_carea' id='block_1_4' title="bbox 70 2225 1125 4039">
    <p class='ocr_par' dir='ltr' id='par_1_6' title="bbox 70 2225 1118 2680">
     <span class='ocr_line' id='line_1_23' title="bbox 103 2225 1115 2292; baseline -0.004 -14"><span class='ocrx_word' id='word_1_156' title='bbox 103 2237 116 2261; x_wconf 85' lang='lat'><em>⁰</em></span> <span class='ocrx_word' id='word_1_157' title='bbox 128 2228 180 2278; x_wconf 82' lang='lat' dir='ltr'><strong>[nt.</strong></span> <span class='ocrx_word' id='word_1_158' title='bbox 189 2227 291 2292; x_wconf 73' lang='lat' dir='ltr'><strong>potent]</strong></span> <span class='ocrx_word' id='word_1_159' title='bbox 301 2225 387 2275; x_wconf 85' lang='lat' dir='ltr'><strong>&#39;When</strong></span> <span class='ocrx_word' id='word_1_160' title='bbox 396 2228 453 2291; x_wconf 85' lang='lat' dir='ltr'><strong>they</strong></span> <span class='ocrx_word' id='word_1_161' title='bbox 465 2243 525 2276; x_wconf 84' lang='lat' dir='ltr'><strong>were</strong></span> <span class='ocrx_word' id='word_1_162' title='bbox 536 2227 577 2276; x_wconf 85' lang='lat' dir='ltr'><strong>ad·</strong></span> <span class='ocrx_word' id='word_1_163' title='bbox 611 2226 693 2276; x_wconf 85' lang='lat' dir='ltr'><strong>Phers.</strong></span> <span class='ocrx_word' id='word_1_164' title='bbox 702 2226 736 2283; x_wconf 91' lang='lat' dir='ltr'><strong>iv,</strong></span> <span class='ocrx_word' id='word_1_165' title='bbox 746 2230 809 2276; x_wconf 65' lang='lat' dir='ltr'><strong>ldis</strong></span> <span class='ocrx_word' id='word_1_166' title='bbox 825 2233 832 2255; x_wconf 87' lang='lat'><em>‘</em></span> <span class='ocrx_word' id='word_1_167' title='bbox 842 2226 909 2274; x_wconf 81' lang='lat' dir='ltr'><strong>Felix</strong></span> <span class='ocrx_word' id='word_1_168' title='bbox 918 2227 998 2275; x_wconf 81' lang='lat' dir='ltr'><strong>Roma</strong></span> <span class='ocrx_word' id='word_1_169' title='bbox 1008 2228 1115 2291; x_wconf 88' lang='lat' dir='ltr'><strong>quidem,</strong></span> 
     </span>
     <span class='ocr_line' id='line_1_24' title="bbox 70 2291 1116 2368; baseline -0.003 -25"><span class='ocrx_word' id='word_1_170' title='bbox 70 2292 219 2343; x_wconf 84' lang='lat' dir='ltr'><strong>mittedinto</strong></span> <span class='ocrx_word' id='word_1_171' title='bbox 234 2291 275 2340; x_wconf 88' lang='lat' dir='ltr'><strong>the</strong></span> <span class='ocrx_word' id='word_1_172' title='bbox 286 2303 375 2340; x_wconf 81' lang='lat' dir='ltr'><strong>secrete</strong></span> <span class='ocrx_word' id='word_1_173' title='bbox 384 2291 432 2340; x_wconf 81' lang='lat' dir='ltr'><strong>and</strong></span> <span class='ocrx_word' id='word_1_174' title='bbox 442 2293 484 2340; x_wconf 90' lang='lat' dir='ltr'><strong>the</strong></span> <span class='ocrx_word' id='word_1_175' title='bbox 494 2293 576 2340; x_wconf 88' lang='lat' dir='ltr'><strong>minis·</strong></span> <span class='ocrx_word' id='word_1_176' title='bbox 611 2292 722 2368; x_wconf 73' lang='lat' dir='ltr'><strong>civesque</strong></span> <span class='ocrx_word' id='word_1_177' title='bbox 739 2292 847 2361; x_wconf 83' lang='lat' dir='ltr'><strong>habitura</strong></span> <span class='ocrx_word' id='word_1_178' title='bbox 862 2292 955 2354; x_wconf 86' lang='lat' dir='ltr'><strong>beatos,</strong></span> <span class='ocrx_word' id='word_1_179' title='bbox 964 2292 989 2341; x_wconf 91' lang='lat' dir='ltr'><strong>Si</strong></span> <span class='ocrx_word' id='word_1_180' title='bbox 1002 2293 1116 2340; x_wconf 79' lang='lat' dir='ltr'><strong>libertatis</strong></span> 
     </span>
     <span class='ocr_line' id='line_1_25' title="bbox 71 2357 1117 2485; baseline -0.001 -13"><span class='ocrx_word' id='word_1_181' title='bbox 71 2357 378 2484; x_wconf 51' lang='lat' dir='ltr'><strong>Willttttltu</strong></span> <span class='ocrx_word' id='word_1_182' title='bbox 395 2421 450 2469; x_wconf 73' lang='lat' dir='ltr'><strong>well</strong></span> <span class='ocrx_word' id='word_1_183' title='bbox 469 2421 578 2484; x_wconf 54' lang='lat' dir='ltr'><strong>expuis</strong></span> <span class='ocrx_word' id='word_1_184' title='bbox 611 2357 1117 2485; x_wconf 65' lang='lat' dir='ltr'><strong>nnntt.2⁰¹¹‘tll³23‘tdt².ntz</strong></span> 
     </span>
     <span class='ocr_line' id='line_1_26' title="bbox 72 2485 1118 2550; baseline -0.003 -13"><span class='ocrx_word' id='word_1_185' title='bbox 72 2488 137 2537; x_wconf 82' lang='lat' dir='ltr'><strong>this:</strong></span> <span class='ocrx_word' id='word_1_186' title='bbox 156 2488 163 2514; x_wconf 92' lang='lat'>‘</span> <span class='ocrx_word' id='word_1_187' title='bbox 178 2489 249 2544; x_wconf 83' lang='lat' dir='ltr'><strong>Odio,</strong></span> <span class='ocrx_word' id='word_1_188' title='bbox 262 2486 324 2550; x_wconf 89' lang='lat' dir='ltr'><strong>qnod</strong></span> <span class='ocrx_word' id='word_1_189' title='bbox 342 2487 454 2534; x_wconf 83' lang='lat' dir='ltr'><strong>adversus</strong></span> <span class='ocrx_word' id='word_1_190' title='bbox 470 2487 580 2534; x_wconf 85' lang='lat' dir='ltr'><strong>dominns</strong></span> <span class='ocrx_word' id='word_1_191' title='bbox 611 2487 647 2544; x_wconf 85' lang='lat' dir='ltr'><strong>iii,</strong></span> <span class='ocrx_word' id='word_1_192' title='bbox 658 2490 699 2536; x_wconf 75' lang='grc'><strong>32.</strong></span> <span class='ocrx_word' id='word_1_193' title='bbox 708 2486 754 2536; x_wconf 77' lang='lat' dir='ltr'><strong>bre.</strong></span> <span class='ocrx_word' id='word_1_194' title='bbox 772 2485 824 2533; x_wconf 85' lang='lat' dir='ltr'><strong>The</strong></span> <span class='ocrx_word' id='word_1_195' title='bbox 834 2487 948 2535; x_wconf 82' lang='lat' dir='ltr'><strong>wisestot</strong></span> <span class='ocrx_word' id='word_1_196' title='bbox 956 2489 998 2534; x_wconf 90' lang='lat' dir='ltr'><strong>the</strong></span> <span class='ocrx_word' id='word_1_197' title='bbox 1009 2487 1118 2535; x_wconf 85' lang='lat' dir='ltr'><strong>ancients</strong></span> 
     </span>
     <span class='ocr_line' id='line_1_27' title="bbox 72 2549 1118 2617; baseline -0.002 -15"><span class='ocrx_word' id='word_1_198' title='bbox 72 2561 243 2617; x_wconf 81' lang='lat' dir='ltr'><strong>susceperant3</strong></span> <span class='ocrx_word' id='word_1_199' title='bbox 264 2559 363 2608; x_wconf 79' lang='lat' dir='ltr'><strong>terrere,</strong></span> <span class='ocrx_word' id='word_1_200' title='bbox 382 2567 454 2614; x_wconf 89' lang='lat' dir='ltr'><strong>quem</strong></span> <span class='ocrx_word' id='word_1_201' title='bbox 472 2551 580 2600; x_wconf 80' lang='lat' dir='ltr'><strong>sciebant</strong></span> <span class='ocrx_word' id='word_1_202' title='bbox 612 2566 671 2615; x_wconf 84' lang='lat' dir='ltr'><strong>gave</strong></span> <span class='ocrx_word' id='word_1_203' title='bbox 682 2553 708 2600; x_wconf 90' lang='lat' dir='ltr'><strong>in</strong></span> <span class='ocrx_word' id='word_1_204' title='bbox 718 2561 743 2599; x_wconf 91' lang='lat' dir='ltr'><strong>to</strong></span> <span class='ocrx_word' id='word_1_205' title='bbox 753 2549 802 2598; x_wconf 86' lang='lat' dir='ltr'><strong>this</strong></span> <span class='ocrx_word' id='word_1_206' title='bbox 817 2551 929 2616; x_wconf 80' lang='lat' dir='ltr'><strong>impiety,</strong></span> <span class='ocrx_word' id='word_1_207' title='bbox 940 2567 968 2600; x_wconf 85' lang='lat' dir='ltr'><strong>as</strong></span> <span class='ocrx_word' id='word_1_208' title='bbox 984 2552 1043 2616; x_wconf 84' lang='lat' dir='ltr'><strong>they</strong></span> <span class='ocrx_word' id='word_1_209' title='bbox 1053 2567 1118 2615; x_wconf 84' lang='lat' dir='ltr'><strong>were</strong></span> 
     </span>
     <span class='ocr_line' id='line_1_28' title="bbox 73 2614 1117 2680; baseline -0.002 -14"><span class='ocrx_word' id='word_1_210' title='bbox 73 2633 101 2666; x_wconf 81' lang='lat' dir='ltr'><strong>se</strong></span> <span class='ocrx_word' id='word_1_211' title='bbox 111 2618 212 2666; x_wconf 88' lang='lat' dir='ltr'><strong>dominis</strong></span> <span class='ocrx_word' id='word_1_212' title='bbox 220 2615 374 2666; x_wconf 65' lang='lat' dir='ltr'><strong>incursuros!</strong></span> <span class='ocrx_word' id='word_1_213' title='bbox 613 2618 783 2666; x_wconf 83' lang='lat' dir='ltr'><strong>overwhelmed</strong></span> <span class='ocrx_word' id='word_1_214' title='bbox 793 2616 878 2680; x_wconf 90' lang='lat' dir='ltr'><strong>hythe</strong></span> <span class='ocrx_word' id='word_1_215' title='bbox 889 2615 973 2664; x_wconf 88' lang='lat' dir='ltr'><strong>evil&#39;in</strong></span> <span class='ocrx_word' id='word_1_216' title='bbox 983 2618 1024 2664; x_wconf 91' lang='lat' dir='ltr'><strong>the</strong></span> <span class='ocrx_word' id='word_1_217' title='bbox 1033 2614 1117 2674; x_wconf 87' lang='lat' dir='ltr'><strong>world,</strong></span> 
     </span>
    </p>

    <p class='ocr_par' dir='ltr' id='par_1_7' title="bbox 74 2681 1123 3781">
     <span class='ocr_line' id='line_1_29' title="bbox 107 2681 1120 2745; baseline -0.002 -13"><span class='ocrx_word' id='word_1_218' title='bbox 107 2684 180 2732; x_wconf 74' lang='lat' dir='ltr'><strong>‘Per</strong></span> <span class='ocrx_word' id='word_1_219' title='bbox 187 2699 234 2731; x_wconf 85' lang='lat' dir='ltr'><strong>cm.</strong></span> <span class='ocrx_word' id='word_1_220' title='bbox 243 2683 322 2745; x_wconf 87' lang='lat' dir='ltr'><strong>cppr.]</strong></span> <span class='ocrx_word' id='word_1_221' title='bbox 337 2681 396 2728; x_wconf 82' lang='lat' dir='ltr'><strong>This</strong></span> <span class='ocrx_word' id='word_1_222' title='bbox 407 2681 509 2729; x_wconf 87' lang='lat' dir='ltr'><strong>horrible</strong></span> <span class='ocrx_word' id='word_1_223' title='bbox 519 2687 580 2729; x_wconf 88' lang='lat' dir='ltr'><strong>state</strong></span> <span class='ocrx_word' id='word_1_224' title='bbox 613 2682 660 2728; x_wconf 84' lang='lat' dir='ltr'><strong>aud</strong></span> <span class='ocrx_word' id='word_1_225' title='bbox 681 2681 729 2730; x_wconf 91' lang='lat' dir='ltr'><strong>had</strong></span> <span class='ocrx_word' id='word_1_226' title='bbox 746 2695 778 2729; x_wconf 89' lang='lat' dir='ltr'><strong>nc</strong></span> <span class='ocrx_word' id='word_1_227' title='bbox 795 2681 859 2744; x_wconf 85' lang='lat' dir='ltr'><strong>hope</strong></span> <span class='ocrx_word' id='word_1_228' title='bbox 877 2681 905 2730; x_wconf 84' lang='lat' dir='ltr'><strong>of</strong></span> <span class='ocrx_word' id='word_1_229' title='bbox 923 2682 965 2730; x_wconf 91' lang='lat' dir='ltr'><strong>the</strong></span> <span class='ocrx_word' id='word_1_230' title='bbox 982 2683 1072 2730; x_wconf 81' lang='lat' dir='ltr'><strong>reward</strong></span> <span class='ocrx_word' id='word_1_231' title='bbox 1093 2682 1120 2730; x_wconf 85' lang='lat' dir='ltr'><strong>cl</strong></span> 
     </span>
     <span class='ocr_line' id='line_1_30' title="bbox 74 2745 1091 2811; baseline -0.003 -15"><span class='ocrx_word' id='word_1_232' title='bbox 74 2747 103 2796; x_wconf 83' lang='lat' dir='ltr'><strong>oi</strong></span> <span class='ocrx_word' id='word_1_233' title='bbox 116 2747 197 2810; x_wconf 81' lang='lat' dir='ltr'><strong>things</strong></span> <span class='ocrx_word' id='word_1_234' title='bbox 213 2747 305 2794; x_wconf 78' lang='lat' dir='ltr'><strong>existed</strong></span> <span class='ocrx_word' id='word_1_235' title='bbox 320 2745 412 2810; x_wconf 83' lang='lat' dir='ltr'><strong>chiefly</strong></span> <span class='ocrx_word' id='word_1_236' title='bbox 421 2747 447 2794; x_wconf 93' lang='lat' dir='ltr'><strong>in</strong></span> <span class='ocrx_word' id='word_1_237' title='bbox 463 2749 503 2794; x_wconf 92' lang='lat' dir='ltr'><strong>the</strong></span> <span class='ocrx_word' id='word_1_238' title='bbox 513 2747 581 2810; x_wconf 85' lang='lat' dir='ltr'><strong>reign</strong></span> <span class='ocrx_word' id='word_1_239' title='bbox 611 2747 857 2811; x_wconf 80' lang='lat' dir='ltr'><strong>petisntendurtnce.</strong></span> <span class='ocrx_word' id='word_1_240' title='bbox 1087 2765 1091 2771; x_wconf 71' lang='grc'>’</span> 
     </span>
     <span class='ocr_line' id='line_1_31' title="bbox 75 2808 1117 2875; baseline 0 -16"><span class='ocrx_word' id='word_1_241' title='bbox 75 2813 104 2860; x_wconf 79' lang='lat' dir='ltr'><strong>ot</strong></span> <span class='ocrx_word' id='word_1_242' title='bbox 112 2812 244 2868; x_wconf 82' lang='lat' dir='ltr'><strong>Domitian,</strong></span> <span class='ocrx_word' id='word_1_243' title='bbox 260 2811 307 2860; x_wconf 85' lang='lat' dir='ltr'><strong>and</strong></span> <span class='ocrx_word' id='word_1_244' title='bbox 323 2826 373 2859; x_wconf 87' lang='lat' dir='ltr'><strong>wns</strong></span> <span class='ocrx_word' id='word_1_245' title='bbox 389 2811 486 2874; x_wconf 86' lang='lat' dir='ltr'><strong>intirely</strong></span> <span class='ocrx_word' id='word_1_246' title='bbox 496 2820 539 2875; x_wconf 89' lang='lat' dir='ltr'><strong>put</strong></span> <span class='ocrx_word' id='word_1_247' title='bbox 550 2827 581 2860; x_wconf 87' lang='lat' dir='ltr'><strong>an</strong></span> <span class='ocrx_word' id='word_1_248' title='bbox 644 2821 655 2846; x_wconf 61' lang='grc' dir='ltr'><strong><em>θ</em></strong></span> <span class='ocrx_word' id='word_1_249' title='bbox 672 2812 859 2875; x_wconf 66' lang='lat' dir='ltr'><strong>nataticum]</strong></span> <span class='ocrx_word' id='word_1_250' title='bbox 870 2809 978 2873; x_wconf 78' lang='lat' dir='ltr'><strong>Perhaps</strong></span> <span class='ocrx_word' id='word_1_251' title='bbox 986 2808 1043 2874; x_wconf 84' lang='lat' dir='ltr'><strong>they</strong></span> <span class='ocrx_word' id='word_1_252' title='bbox 1052 2825 1117 2859; x_wconf 86' lang='lat' dir='ltr'><strong>seem</strong></span> 
     </span>
     <span class='ocr_line' id='line_1_32' title="bbox 75 2874 1118 2941; baseline -0.002 -15"><span class='ocrx_word' id='word_1_253' title='bbox 75 2877 126 2926; x_wconf 85' lang='lat' dir='ltr'><strong>end</strong></span> <span class='ocrx_word' id='word_1_254' title='bbox 142 2886 169 2926; x_wconf 90' lang='lat' dir='ltr'><strong>to</strong></span> <span class='ocrx_word' id='word_1_255' title='bbox 187 2877 219 2941; x_wconf 79' lang='lat' dir='ltr'><strong>by</strong></span> <span class='ocrx_word' id='word_1_256' title='bbox 236 2876 332 2940; x_wconf 80' lang='lat' dir='ltr'><strong>Trajan.</strong></span> <span class='ocrx_word' id='word_1_257' title='bbox 365 2874 582 2940; x_wconf 74' lang='lat' dir='ltr'><strong>HencePliny‚in</strong></span> <span class='ocrx_word' id='word_1_258' title='bbox 613 2891 641 2925; x_wconf 84' lang='lat' dir='ltr'><strong>so</strong></span> <span class='ocrx_word' id='word_1_259' title='bbox 658 2885 684 2924; x_wconf 94' lang='lat' dir='ltr'><strong>to</strong></span> <span class='ocrx_word' id='word_1_260' title='bbox 701 2891 765 2931; x_wconf 88' lang='lat' dir='ltr'><strong>men,</strong></span> <span class='ocrx_word' id='word_1_261' title='bbox 781 2877 838 2925; x_wconf 84' lang='lat' dir='ltr'><strong>who</strong></span> <span class='ocrx_word' id='word_1_262' title='bbox 851 2875 1118 2924; x_wconf 86' lang='lat' dir='ltr'><strong>donotloolrintothe</strong></span> 
     </span>
     <span class='ocr_line' id='line_1_33' title="bbox 76 2939 1119 3006; baseline -0.001 -16"><span class='ocrx_word' id='word_1_263' title='bbox 76 2942 198 3006; x_wconf 79' lang='lat' dir='ltr'><strong>Panegyr.</strong></span> <span class='ocrx_word' id='word_1_264' title='bbox 218 2945 260 2990; x_wconf 77' lang='lat'><strong>42.</strong></span> <span class='ocrx_word' id='word_1_265' title='bbox 291 2939 421 2989; x_wconf 84' lang='lat' dir='ltr'><strong>‘Reddita</strong></span> <span class='ocrx_word' id='word_1_266' title='bbox 440 2948 477 2989; x_wconf 86' lang='lat' dir='ltr'><strong>est</strong></span> <span class='ocrx_word' id='word_1_267' title='bbox 500 2941 582 2989; x_wconf 78' lang='lat' dir='ltr'><strong>amicis</strong></span> <span class='ocrx_word' id='word_1_268' title='bbox 614 2956 695 2989; x_wconf 83' lang='lat' dir='ltr'><strong>canses</strong></span> <span class='ocrx_word' id='word_1_269' title='bbox 712 2941 739 2988; x_wconf 81' lang='lat' dir='ltr'><strong>ot</strong></span> <span class='ocrx_word' id='word_1_270' title='bbox 753 2940 841 3004; x_wconf 84' lang='lat' dir='ltr'><strong>things.</strong></span> <span class='ocrx_word' id='word_1_271' title='bbox 872 2940 939 2988; x_wconf 89' lang='lat' dir='ltr'><strong>Huet</strong></span> <span class='ocrx_word' id='word_1_272' title='bbox 949 2941 999 2988; x_wconf 85' lang='lat' dir='ltr'><strong>also</strong></span> <span class='ocrx_word' id='word_1_273' title='bbox 1009 2941 1119 3004; x_wconf 82' lang='lat' dir='ltr'><strong>explains</strong></span> 
     </span>
     <span class='ocr_line' id='line_1_34' title="bbox 77 3004 1119 3070; baseline 0.002 -17"><span class='ocrx_word' id='word_1_274' title='bbox 77 3006 147 3062; x_wconf 83' lang='lat' dir='ltr'><strong>fides,</strong></span> <span class='ocrx_word' id='word_1_275' title='bbox 159 3006 241 3055; x_wconf 88' lang='lat' dir='ltr'><strong>liberis</strong></span> <span class='ocrx_word' id='word_1_276' title='bbox 250 3006 336 3068; x_wconf 79' lang='lat' dir='ltr'><strong>pietas,</strong></span> <span class='ocrx_word' id='word_1_277' title='bbox 344 3004 485 3068; x_wconf 78' lang='lat' dir='ltr'><strong>obsequium</strong></span> <span class='ocrx_word' id='word_1_278' title='bbox 495 3005 582 3054; x_wconf 85' lang='lat' dir='ltr'><strong>servis:</strong></span> <span class='ocrx_word' id='word_1_279' title='bbox 613 3005 643 3061; x_wconf 88' lang='lat' dir='ltr'><strong>it,</strong></span> <span class='ocrx_word' id='word_1_280' title='bbox 662 3005 795 3070; x_wconf 83' lang='lat' dir='ltr'><strong>‘generally</strong></span> <span class='ocrx_word' id='word_1_281' title='bbox 812 3007 962 3067; x_wconf 85' lang='lat' dir='ltr'><strong>unexpected</strong></span> <span class='ocrx_word' id='word_1_282' title='bbox 972 3006 1119 3055; x_wconf 83' lang='lat' dir='ltr'><strong>andnniore·</strong></span> 
     </span>
     <span class='ocr_line' id='line_1_35' title="bbox 77 3070 1118 3134; baseline -0.001 -14"><span class='ocrx_word' id='word_1_283' title='bbox 77 3078 196 3132; x_wconf 78' lang='lat' dir='ltr'><strong>verenbrr,</strong></span> <span class='ocrx_word' id='word_1_284' title='bbox 204 3078 230 3119; x_wconf 91' lang='lat' dir='ltr'><strong>et</strong></span> <span class='ocrx_word' id='word_1_285' title='bbox 237 3079 331 3134; x_wconf 78' lang='lat' dir='ltr'><strong>parent,</strong></span> <span class='ocrx_word' id='word_1_286' title='bbox 339 3070 479 3119; x_wconf 87' lang='lat' dir='ltr'><strong>etdominos</strong></span> <span class='ocrx_word' id='word_1_287' title='bbox 489 3071 583 3118; x_wconf 87' lang='lat' dir='ltr'><strong>habent.</strong></span> <span class='ocrx_word' id='word_1_288' title='bbox 615 3071 699 3119; x_wconf 84' lang='lat' dir='ltr'><strong>seen:&#39;</strong></span> <span class='ocrx_word' id='word_1_289' title='bbox 717 3071 763 3126; x_wconf 81' lang='lat' dir='ltr'><strong>tor,</strong></span> <span class='ocrx_word' id='word_1_290' title='bbox 790 3083 817 3118; x_wconf 85' lang='lat' dir='ltr'><strong>as</strong></span> <span class='ocrx_word' id='word_1_291' title='bbox 836 3070 935 3134; x_wconf 80' lang='lat' dir='ltr'><strong>nothing</strong></span> <span class='ocrx_word' id='word_1_292' title='bbox 953 3071 1022 3118; x_wconf 82' lang='lat' dir='ltr'><strong>takes</strong></span> <span class='ocrx_word' id='word_1_293' title='bbox 1050 3072 1118 3134; x_wconf 82' lang='lat' dir='ltr'><strong>place</strong></span> 
     </span>
     <span class='ocr_line' id='line_1_36' title="bbox 77 3135 1119 3200; baseline 0 -15"><span class='ocrx_word' id='word_1_294' title='bbox 77 3135 135 3185; x_wconf 82' lang='lat' dir='ltr'><strong>Non</strong></span> <span class='ocrx_word' id='word_1_295' title='bbox 152 3136 217 3185; x_wconf 83' lang='lat' dir='ltr'><strong>enirn</strong></span> <span class='ocrx_word' id='word_1_296' title='bbox 232 3136 281 3200; x_wconf 88' lang='lat' dir='ltr'><strong>jam</strong></span> <span class='ocrx_word' id='word_1_297' title='bbox 297 3137 360 3183; x_wconf 86' lang='lat' dir='ltr'><strong>servi</strong></span> <span class='ocrx_word' id='word_1_298' title='bbox 375 3135 494 3199; x_wconf 89' lang='lat' dir='ltr'><strong>Principis</strong></span> <span class='ocrx_word' id='word_1_299' title='bbox 510 3135 585 3183; x_wconf 89' lang='lat' dir='ltr'><strong>nostri</strong></span> <span class='ocrx_word' id='word_1_300' title='bbox 615 3137 739 3184; x_wconf 82' lang='lat' dir='ltr'><strong>withoute</strong></span> <span class='ocrx_word' id='word_1_301' title='bbox 749 3150 827 3190; x_wconf 83' lang='lat' dir='ltr'><strong>cause,</strong></span> <span class='ocrx_word' id='word_1_302' title='bbox 839 3141 923 3182; x_wconf 81' lang='lat' dir='ltr'><strong>events</strong></span> <span class='ocrx_word' id='word_1_303' title='bbox 931 3150 972 3184; x_wconf 86' lang='lat' dir='ltr'><strong>are</strong></span> <span class='ocrx_word' id='word_1_304' title='bbox 985 3137 1119 3195; x_wconf 77' lang='lat' dir='ltr'><strong>fortuitons,</strong></span> 
     </span>
     <span class='ocr_line' id='line_1_37' title="bbox 78 3199 1120 3265; baseline -0.001 -14"><span class='ocrx_word' id='word_1_305' title='bbox 78 3202 160 3265; x_wconf 77' lang='lat' dir='ltr'><strong>amici,</strong></span> <span class='ocrx_word' id='word_1_306' title='bbox 170 3201 213 3249; x_wconf 88' lang='lat' dir='ltr'><strong>sed</strong></span> <span class='ocrx_word' id='word_1_307' title='bbox 228 3215 273 3248; x_wconf 84' lang='lat' dir='ltr'><strong>nos</strong></span> <span class='ocrx_word' id='word_1_308' title='bbox 288 3215 381 3248; x_wconf 86' lang='lat' dir='ltr'><strong>snmus:</strong></span> <span class='ocrx_word' id='word_1_309' title='bbox 398 3215 443 3247; x_wconf 88' lang='lat' dir='ltr'><strong>nec</strong></span> <span class='ocrx_word' id='word_1_310' title='bbox 460 3207 528 3263; x_wconf 88' lang='lat' dir='ltr'><strong>pater</strong></span> <span class='ocrx_word' id='word_1_311' title='bbox 544 3216 585 3264; x_wconf 85' lang='lat' dir='ltr'><strong>ps·</strong></span> <span class='ocrx_word' id='word_1_312' title='bbox 616 3202 701 3249; x_wconf 87' lang='lat' dir='ltr'><strong>notin</strong></span> <span class='ocrx_word' id='word_1_313' title='bbox 717 3200 868 3257; x_wconf 85' lang='lat' dir='ltr'><strong>themselves,</strong></span> <span class='ocrx_word' id='word_1_314' title='bbox 883 3199 927 3248; x_wconf 90' lang='lat' dir='ltr'><strong>bnt</strong></span> <span class='ocrx_word' id='word_1_315' title='bbox 944 3215 971 3249; x_wconf 81' lang='lat' dir='ltr'><strong>as</strong></span> <span class='ocrx_word' id='word_1_316' title='bbox 988 3201 1025 3250; x_wconf 82' lang='lat' dir='ltr'><strong>ier</strong></span> <span class='ocrx_word' id='word_1_317' title='bbox 1041 3209 1068 3250; x_wconf 77' lang='lat' dir='ltr'><strong>as</strong></span> <span class='ocrx_word' id='word_1_318' title='bbox 1085 3218 1120 3251; x_wconf 75' lang='lat' dir='ltr'><strong>vce</strong></span> 
     </span>
     <span class='ocr_line' id='line_1_38' title="bbox 77 3263 808 3328; baseline -0.004 -14"><span class='ocrx_word' id='word_1_319' title='bbox 77 3267 131 3314; x_wconf 74' lang='lat' dir='ltr'><strong>trie</strong></span> <span class='ocrx_word' id='word_1_320' title='bbox 152 3265 239 3314; x_wconf 81' lang='lat' dir='ltr'><strong>olienis</strong></span> <span class='ocrx_word' id='word_1_321' title='bbox 268 3280 293 3312; x_wconf 90' lang='lat' dir='ltr'><strong>se</strong></span> <span class='ocrx_word' id='word_1_322' title='bbox 320 3264 444 3328; x_wconf 84' lang='lat' dir='ltr'><strong>mancipiis</strong></span> <span class='ocrx_word' id='word_1_323' title='bbox 470 3266 586 3314; x_wconf 84' lang='lat' dir='ltr'><strong>cariorem</strong></span> <span class='ocrx_word' id='word_1_324' title='bbox 616 3263 808 3313; x_wconf 79' lang='lat' dir='ltr'><strong>areconcerned.</strong></span> 
     </span>
     <span class='ocr_line' id='line_1_39' title="bbox 78 3326 1120 3395; baseline 0.001 -15"><span class='ocrx_word' id='word_1_325' title='bbox 78 3329 405 3395; x_wconf 80' lang='lat' dir='ltr'><strong>quamcivibussuiscredit.</strong></span> <span class='ocrx_word' id='word_1_326' title='bbox 438 3328 528 3377; x_wconf 88' lang='lat' dir='ltr'><strong>Omnes</strong></span> <span class='ocrx_word' id='word_1_327' title='bbox 546 3345 586 3378; x_wconf 84' lang='lat' dir='ltr'><strong>oc·</strong></span> <span class='ocrx_word' id='word_1_328' title='bbox 646 3328 663 3373; x_wconf 79' lang='lat' dir='ltr'><strong><em>s</em></strong></span> <span class='ocrx_word' id='word_1_329' title='bbox 674 3329 913 3394; x_wconf 76' lang='lat' dir='ltr'><strong>Retio-cauteque]</strong></span> <span class='ocrx_word' id='word_1_330' title='bbox 939 3329 1000 3379; x_wconf 85' lang='lat' dir='ltr'><strong>This</strong></span> <span class='ocrx_word' id='word_1_331' title='bbox 1013 3326 1043 3380; x_wconf 52' lang='lat' dir='ltr'><strong>&#39;is</strong></span> <span class='ocrx_word' id='word_1_332' title='bbox 1070 3333 1120 3381; x_wconf 88' lang='lat' dir='ltr'><strong>his·</strong></span> 
     </span>
     <span class='ocr_line' id='line_1_40' title="bbox 78 3393 1121 3459; baseline 0 -14"><span class='ocrx_word' id='word_1_333' title='bbox 78 3405 189 3445; x_wconf 82' lang='lat' dir='ltr'><strong>cusatore</strong></span> <span class='ocrx_word' id='word_1_334' title='bbox 208 3395 338 3442; x_wconf 89' lang='lat' dir='ltr'><strong>domestico</strong></span> <span class='ocrx_word' id='word_1_335' title='bbox 359 3394 471 3452; x_wconf 85' lang='lat' dir='ltr'><strong>liberasti,</strong></span> <span class='ocrx_word' id='word_1_336' title='bbox 491 3409 586 3457; x_wconf 90' lang='lat' dir='ltr'><strong>unoque</strong></span> <span class='ocrx_word' id='word_1_337' title='bbox 602 3411 603 3414; x_wconf 47' lang='lat'>¹</span> <span class='ocrx_word' id='word_1_338' title='bbox 617 3401 695 3458; x_wconf 72' lang='lat' dir='ltr'><strong>torys</strong></span> <span class='ocrx_word' id='word_1_339' title='bbox 706 3395 748 3442; x_wconf 90' lang='lat' dir='ltr'><strong>bnt</strong></span> <span class='ocrx_word' id='word_1_340' title='bbox 763 3393 805 3442; x_wconf 88' lang='lat' dir='ltr'><strong>the</strong></span> <span class='ocrx_word' id='word_1_341' title='bbox 821 3403 871 3443; x_wconf 89' lang='lat' dir='ltr'><strong>rest</strong></span> <span class='ocrx_word' id='word_1_342' title='bbox 887 3395 907 3442; x_wconf 90' lang='lat' dir='ltr'><strong>is</strong></span> <span class='ocrx_word' id='word_1_343' title='bbox 929 3395 1026 3459; x_wconf 88' lang='lat' dir='ltr'><strong>trilling,</strong></span> <span class='ocrx_word' id='word_1_344' title='bbox 1043 3398 1088 3444; x_wconf 81' lang='lat' dir='ltr'><strong>ond</strong></span> <span class='ocrx_word' id='word_1_345' title='bbox 1105 3412 1121 3445; x_wconf 77' lang='lat' dir='ltr'><strong>a</strong></span> 
     </span>
     <span class='ocr_line' id='line_1_41' title="bbox 77 3457 1122 3524; baseline -0.001 -14"><span class='ocrx_word' id='word_1_346' title='bbox 77 3461 165 3510; x_wconf 82' lang='lat' dir='ltr'><strong>salutis</strong></span> <span class='ocrx_word' id='word_1_347' title='bbox 174 3459 509 3524; x_wconf 80' lang='lat' dir='ltr'><strong>publicaesignoillnd(ntsic</strong></span> <span class='ocrx_word' id='word_1_348' title='bbox 519 3459 586 3508; x_wconf 85' lang='lat' dir='ltr'><strong>dixe·</strong></span> <span class='ocrx_word' id='word_1_349' title='bbox 618 3475 683 3508; x_wconf 90' lang='lat' dir='ltr'><strong>mere</strong></span> <span class='ocrx_word' id='word_1_350' title='bbox 701 3457 793 3507; x_wconf 84' lang='lat' dir='ltr'><strong>horden</strong></span> <span class='ocrx_word' id='word_1_351' title='bbox 806 3465 832 3507; x_wconf 92' lang='lat' dir='ltr'><strong>to</strong></span> <span class='ocrx_word' id='word_1_352' title='bbox 849 3461 890 3507; x_wconf 90' lang='lat' dir='ltr'><strong>the</strong></span> <span class='ocrx_word' id='word_1_353' title='bbox 906 3475 1023 3524; x_wconf 77' lang='lat' dir='ltr'><strong>memory.</strong></span> <span class='ocrx_word' id='word_1_354' title='bbox 1055 3462 1122 3509; x_wconf 85' lang='lat' dir='ltr'><strong>Sem·</strong></span> 
     </span>
     <span class='ocr_line' id='line_1_42' title="bbox 78 3522 1123 3590; baseline -0.002 -15"><span class='ocrx_word' id='word_1_355' title='bbox 78 3526 139 3590; x_wconf 83' lang='lat' dir='ltr'><strong>rim)</strong></span> <span class='ocrx_word' id='word_1_356' title='bbox 155 3525 242 3575; x_wconf 85' lang='lat' dir='ltr'><strong>servile</strong></span> <span class='ocrx_word' id='word_1_357' title='bbox 259 3524 344 3572; x_wconf 87' lang='lat' dir='ltr'><strong>bellum</strong></span> <span class='ocrx_word' id='word_1_358' title='bbox 360 3523 488 3578; x_wconf 85' lang='lat' dir='ltr'><strong>sustulisti,</strong></span> <span class='ocrx_word' id='word_1_359' title='bbox 504 3525 529 3571; x_wconf 89' lang='lat' dir='ltr'><strong>in</strong></span> <span class='ocrx_word' id='word_1_360' title='bbox 540 3539 588 3587; x_wconf 89' lang='lat' dir='ltr'><strong>qno</strong></span> <span class='ocrx_word' id='word_1_361' title='bbox 618 3523 714 3587; x_wconf 89' lang='lat' dir='ltr'><strong>pronius</strong></span> <span class='ocrx_word' id='word_1_362' title='bbox 725 3522 828 3587; x_wconf 87' lang='lat' dir='ltr'><strong>Asellio,</strong></span> <span class='ocrx_word' id='word_1_363' title='bbox 838 3524 955 3573; x_wconf 84' lang='lat' dir='ltr'><strong>whcwss</strong></span> <span class='ocrx_word' id='word_1_364' title='bbox 970 3540 1000 3572; x_wconf 87' lang='lat' dir='ltr'><strong>an</strong></span> <span class='ocrx_word' id='word_1_365' title='bbox 1016 3533 1081 3573; x_wconf 83' lang='lat' dir='ltr'><strong>ector</strong></span> <span class='ocrx_word' id='word_1_366' title='bbox 1094 3526 1123 3574; x_wconf 91' lang='lat' dir='ltr'><strong>in</strong></span> 
     </span>
     <span class='ocr_line' id='line_1_43' title="bbox 80 3589 1120 3653; baseline -0.004 -13"><span class='ocrx_word' id='word_1_367' title='bbox 80 3607 129 3640; x_wconf 86' lang='lat' dir='ltr'><strong>non</strong></span> <span class='ocrx_word' id='word_1_368' title='bbox 140 3592 219 3640; x_wconf 89' lang='lat' dir='ltr'><strong>minus</strong></span> <span class='ocrx_word' id='word_1_369' title='bbox 238 3590 311 3637; x_wconf 82' lang='lat' dir='ltr'><strong>servis</strong></span> <span class='ocrx_word' id='word_1_370' title='bbox 328 3603 398 3653; x_wconf 86' lang='lat' dir='ltr'><strong>qnam</strong></span> <span class='ocrx_word' id='word_1_371' title='bbox 413 3589 514 3637; x_wconf 85' lang='lat' dir='ltr'><strong>dominis</strong></span> <span class='ocrx_word' id='word_1_372' title='bbox 527 3604 587 3652; x_wconf 80' lang='lat' dir='ltr'><strong>prse-</strong></span> <span class='ocrx_word' id='word_1_373' title='bbox 619 3589 667 3636; x_wconf 86' lang='lat' dir='ltr'><strong>nnd</strong></span> <span class='ocrx_word' id='word_1_374' title='bbox 677 3604 691 3637; x_wconf 86' lang='lat' dir='ltr'><strong>a</strong></span> <span class='ocrx_word' id='word_1_375' title='bbox 701 3589 783 3637; x_wconf 80' lang='lat' dir='ltr'><strong>writer</strong></span> <span class='ocrx_word' id='word_1_376' title='bbox 797 3589 826 3637; x_wconf 82' lang='lat' dir='ltr'><strong>of</strong></span> <span class='ocrx_word' id='word_1_377' title='bbox 839 3590 882 3636; x_wconf 91' lang='lat' dir='ltr'><strong>the</strong></span> <span class='ocrx_word' id='word_1_378' title='bbox 898 3589 1046 3638; x_wconf 87' lang='lat' dir='ltr'><strong>Numantine</strong></span> <span class='ocrx_word' id='word_1_379' title='bbox 1062 3605 1120 3646; x_wconf 82' lang='lat' dir='ltr'><strong>wer,</strong></span> 
     </span>
     <span class='ocr_line' id='line_1_44' title="bbox 79 3653 1122 3717; baseline -0.005 -11"><span class='ocrx_word' id='word_1_380' title='bbox 79 3656 177 3706; x_wconf 86' lang='lat' dir='ltr'><strong>stitisti:</strong></span> <span class='ocrx_word' id='word_1_381' title='bbox 195 3657 240 3702; x_wconf 91' lang='lat' dir='ltr'><strong>hos</strong></span> <span class='ocrx_word' id='word_1_382' title='bbox 257 3655 320 3703; x_wconf 88' lang='lat' dir='ltr'><strong>eninr</strong></span> <span class='ocrx_word' id='word_1_383' title='bbox 333 3669 439 3715; x_wconf 85' lang='lat' dir='ltr'><strong>securos,</strong></span> <span class='ocrx_word' id='word_1_384' title='bbox 449 3654 587 3702; x_wconf 85' lang='lat' dir='ltr'><strong>illosbonos</strong></span> <span class='ocrx_word' id='word_1_385' title='bbox 618 3654 676 3702; x_wconf 88' lang='lat' dir='ltr'><strong>well</strong></span> <span class='ocrx_word' id='word_1_386' title='bbox 685 3654 809 3702; x_wconf 79' lang='lat' dir='ltr'><strong>observes:</strong></span> <span class='ocrx_word' id='word_1_387' title='bbox 827 3653 951 3702; x_wconf 84' lang='lat' dir='ltr'><strong>‘Scribere</strong></span> <span class='ocrx_word' id='word_1_388' title='bbox 966 3654 1122 3717; x_wconf 67' lang='lat' dir='ltr'><strong>bellumque</strong></span> 
     </span>
     <span class='ocr_line' id='line_1_45' title="bbox 79 3718 1122 3781; baseline -0.005 -10"><span class='ocrx_word' id='word_1_389' title='bbox 79 3719 179 3771; x_wconf 74' lang='lat' dir='ltr'><strong>secbti&#39;</strong></span> <span class='ocrx_word' id='word_1_390' title='bbox 618 3719 706 3767; x_wconf 89' lang='lat' dir='ltr'><strong>initum</strong></span> <span class='ocrx_word' id='word_1_391' title='bbox 716 3719 822 3776; x_wconf 88' lang='lat' dir='ltr'><strong>consule,</strong></span> <span class='ocrx_word' id='word_1_392' title='bbox 837 3727 924 3781; x_wconf 88' lang='lat' dir='ltr'><strong>etque</strong></span> <span class='ocrx_word' id='word_1_393' title='bbox 940 3719 1011 3767; x_wconf 89' lang='lat' dir='ltr'><strong>medo</strong></span> <span class='ocrx_word' id='word_1_394' title='bbox 1027 3718 1122 3766; x_wconf 82' lang='lat' dir='ltr'><strong>confec·</strong></span> 
     </span>
    </p>

    <p class='ocr_par' dir='ltr' id='par_1_8' title="bbox 79 3781 1125 4039">
     <span class='ocr_line' id='line_1_46' title="bbox 112 3781 1122 3847; baseline -0.008 -11"><span class='ocrx_word' id='word_1_395' title='bbox 112 3785 126 3822; x_wconf 69' lang='lat'><em>⁶</em></span> <span class='ocrx_word' id='word_1_396' title='bbox 147 3783 278 3845; x_wconf 84' lang='lat' dir='ltr'><strong>Ultionem]</strong></span> <span class='ocrx_word' id='word_1_397' title='bbox 293 3781 429 3832; x_wconf 79' lang='lat' dir='ltr'><strong>Aborrible</strong></span> <span class='ocrx_word' id='word_1_398' title='bbox 439 3782 502 3833; x_wconf 84' lang='lat' dir='ltr'><strong>idea.</strong></span> <span class='ocrx_word' id='word_1_399' title='bbox 531 3782 588 3832; x_wconf 87' lang='lat' dir='ltr'><strong>God</strong></span> <span class='ocrx_word' id='word_1_400' title='bbox 620 3792 672 3832; x_wconf 88' lang='lat' dir='ltr'><strong>tum</strong></span> <span class='ocrx_word' id='word_1_401' title='bbox 682 3784 721 3847; x_wconf 90' lang='lat' dir='ltr'><strong>sit,</strong></span> <span class='ocrx_word' id='word_1_402' title='bbox 732 3793 757 3833; x_wconf 87' lang='lat' dir='ltr'><strong>et</strong></span> <span class='ocrx_word' id='word_1_403' title='bbox 766 3784 821 3847; x_wconf 90' lang='lat' dir='ltr'><strong>quis</strong></span> <span class='ocrx_word' id='word_1_404' title='bbox 829 3782 979 3846; x_wconf 85' lang='lat' dir='ltr'><strong>triumphans</strong></span> <span class='ocrx_word' id='word_1_405' title='bbox 997 3781 1122 3840; x_wconf 82' lang='lat' dir='ltr'><strong>introierit,</strong></span> 
     </span>
     <span class='ocr_line' id='line_1_47' title="bbox 80 3845 1122 3913; baseline -0.005 -14"><span class='ocrx_word' id='word_1_406' title='bbox 80 3851 103 3899; x_wconf 84' lang='lat' dir='ltr'><strong>is</strong></span> <span class='ocrx_word' id='word_1_407' title='bbox 121 3857 165 3899; x_wconf 89' lang='lat' dir='ltr'><strong>not</strong></span> <span class='ocrx_word' id='word_1_408' title='bbox 181 3865 196 3896; x_wconf 80' lang='lat' dir='ltr'><strong>a</strong></span> <span class='ocrx_word' id='word_1_409' title='bbox 211 3849 343 3911; x_wconf 83' lang='lat' dir='ltr'><strong>melignent</strong></span> <span class='ocrx_word' id='word_1_410' title='bbox 360 3848 441 3909; x_wconf 83' lang='lat' dir='ltr'><strong>being,</strong></span> <span class='ocrx_word' id='word_1_411' title='bbox 460 3847 502 3894; x_wconf 88' lang='lat' dir='ltr'><strong>but</strong></span> <span class='ocrx_word' id='word_1_412' title='bbox 520 3848 589 3896; x_wconf 83' lang='lat' dir='ltr'><strong>bears</strong></span> <span class='ocrx_word' id='word_1_413' title='bbox 620 3857 646 3897; x_wconf 91' lang='lat' dir='ltr'><strong>et</strong></span> <span class='ocrx_word' id='word_1_414' title='bbox 656 3865 709 3913; x_wconf 83' lang='lat' dir='ltr'><strong>quae</strong></span> <span class='ocrx_word' id='word_1_415' title='bbox 724 3849 750 3896; x_wconf 92' lang='lat' dir='ltr'><strong>in</strong></span> <span class='ocrx_word' id='word_1_416' title='bbox 767 3863 796 3896; x_wconf 88' lang='lat' dir='ltr'><strong>so</strong></span> <span class='ocrx_word' id='word_1_417' title='bbox 811 3847 877 3896; x_wconf 90' lang='lat' dir='ltr'><strong>bello</strong></span> <span class='ocrx_word' id='word_1_418' title='bbox 888 3855 955 3909; x_wconf 82' lang='lat' dir='ltr'><strong>gesta</strong></span> <span class='ocrx_word' id='word_1_419' title='bbox 964 3846 1011 3892; x_wconf 84' lang='lat' dir='ltr'><strong>sint</strong></span> <span class='ocrx_word' id='word_1_420' title='bbox 1020 3845 1122 3905; x_wconf 80' lang='lat' dir='ltr'><strong>iterare3</strong></span> 
     </span>
     <span class='ocr_line' id='line_1_48' title="bbox 81 3910 1124 3976; baseline -0.005 -14"><span class='ocrx_word' id='word_1_421' title='bbox 81 3917 140 3964; x_wconf 76' lang='lat' dir='ltr'><strong>with</strong></span> <span class='ocrx_word' id='word_1_422' title='bbox 151 3915 234 3970; x_wconf 87' lang='lat' dir='ltr'><strong>crime,</strong></span> <span class='ocrx_word' id='word_1_423' title='bbox 245 3912 292 3960; x_wconf 85' lang='lat' dir='ltr'><strong>ond</strong></span> <span class='ocrx_word' id='word_1_424' title='bbox 302 3922 328 3961; x_wconf 84' lang='lat' dir='ltr'><strong>et</strong></span> <span class='ocrx_word' id='word_1_425' title='bbox 339 3912 418 3974; x_wconf 88' lang='lat' dir='ltr'><strong>length</strong></span> <span class='ocrx_word' id='word_1_426' title='bbox 435 3912 550 3974; x_wconf 86' lang='lat' dir='ltr'><strong>punishes</strong></span> <span class='ocrx_word' id='word_1_427' title='bbox 560 3914 589 3963; x_wconf 88' lang='lat' dir='ltr'><strong>it.</strong></span> <span class='ocrx_word' id='word_1_428' title='bbox 620 3928 667 3961; x_wconf 89' lang='lat' dir='ltr'><strong>non</strong></span> <span class='ocrx_word' id='word_1_429' title='bbox 679 3913 809 3976; x_wconf 74' lang='lat' dir='ltr'><strong>predicare</strong></span> <span class='ocrx_word' id='word_1_430' title='bbox 825 3919 904 3959; x_wconf 83' lang='lat' dir='ltr'><strong>antem</strong></span> <span class='ocrx_word' id='word_1_431' title='bbox 916 3911 1008 3958; x_wconf 85' lang='lat' dir='ltr'><strong>interea</strong></span> <span class='ocrx_word' id='word_1_432' title='bbox 1018 3910 1075 3971; x_wconf 90' lang='lat' dir='ltr'><strong>qnid</strong></span> <span class='ocrx_word' id='word_1_433' title='bbox 1087 3925 1124 3958; x_wconf 58' lang='lat' dir='ltr'><strong>ses</strong></span> 
     </span>
     <span class='ocr_line' id='line_1_49' title="bbox 79 3974 1125 4039; baseline -0.006 -9"><span class='ocrx_word' id='word_1_434' title='bbox 79 3981 178 4032; x_wconf 81' lang='lat' dir='ltr'><strong>Tacitus</strong></span> <span class='ocrx_word' id='word_1_435' title='bbox 188 3992 265 4028; x_wconf 81' lang='lat' dir='ltr'><strong>seems</strong></span> <span class='ocrx_word' id='word_1_436' title='bbox 274 3988 300 4027; x_wconf 90' lang='lat' dir='ltr'><strong>tc</strong></span> <span class='ocrx_word' id='word_1_437' title='bbox 308 3977 369 4027; x_wconf 86' lang='lat' dir='ltr'><strong>have</strong></span> <span class='ocrx_word' id='word_1_438' title='bbox 379 3976 488 4026; x_wconf 85' lang='lat' dir='ltr'><strong>imitated</strong></span> <span class='ocrx_word' id='word_1_439' title='bbox 498 3977 589 4036; x_wconf 79' lang='lat' dir='ltr'><strong>Lucan,</strong></span> <span class='ocrx_word' id='word_1_440' title='bbox 621 3987 691 4028; x_wconf 86' lang='lat' dir='ltr'><strong>natus</strong></span> <span class='ocrx_word' id='word_1_441' title='bbox 699 3976 838 4034; x_wconf 83' lang='lat' dir='ltr'><strong>decreverit,</strong></span> <span class='ocrx_word' id='word_1_442' title='bbox 845 3982 947 4039; x_wconf 80' lang='lat' dir='ltr'><strong>autque</strong></span> <span class='ocrx_word' id='word_1_443' title='bbox 955 3974 995 4023; x_wconf 83' lang='lat' dir='ltr'><strong>lex</strong></span> <span class='ocrx_word' id='word_1_444' title='bbox 1003 3975 1125 4039; x_wconf 78' lang='lat' dir='ltr'><strong>rogsn&#39;cve</strong></span> 
     </span>
    </p>
   </div>
   <div class='ocr_carea' id='block_1_5' title="bbox 0 0 1283 4372">
    <p class='ocr_par' dir='ltr' id='par_1_9' title="bbox 0 0 1283 4372">
     <span class='ocr_line' id='line_1_50' title="bbox 0 0 1283 4372; baseline 0 0"><span class='ocrx_word' id='word_1_445' title='bbox 0 0 1283 4372; x_wconf 95' lang='lat' dir='ltr'><strong> </strong></span> 
     </span>
    </p>
   </div>
  </div>
 </body>
</html>
