2512 4372
32 197 103 245 rm.
117 182 186 261 69.]
363 199 631 250 ursrorusauu
651 200 725 249 nin.
741 202 769 251 ι.
1023 178 1090 251 235

34 324 70 379 et
95 315 255 399 promissis
281 326 402 394 onerat,
425 318 501 382 data
525 319 682 402 pecunia'
702 319 744 384 ad
766 310 993 403 pertentandos
1014 318 1086 404 plu·

34 403 120 465 rium
149 403 279 467 animos.
340 402 517 487 Suscepere
550 405 614 468 duo
650 407 882 491 manipularesl
916 407 1086 489 imperium

35 488 148 572 populi
164 489 300 553 Romani
316 492 590 566 transferendum
612 502 646 556 et
667 492 907 556 transtulerunt.
950 491 991 556 In
1013 512 1087 557 con·
1113 536 1116 541 »
1178 567 1182 572 ,

35 575 202 639 scientiam
231 577 377 640 facinoris
405 578 502 662 pauci
532 578 667 642 adsciti:
705 599 872 662 suspensos
908 588 1086 643 ceterorum

36 662 158 724 animos
173 663 307 726 dirersis
322 664 441 726 artibus
457 663 641 727 stimulant:
664 664 816 749 primores
830 663 977 739 militum,
1005 673 1088 750 ‘per
1129 708 1135 716 ·

36 747 211 812 beneficia*
240 748 428 833 Nymphidii
453 759 490 814 ut
516 751 715 834 suspectosr'
746 752 861 834 vulgus
889 759 924 814 et
953 758 1087 826 ceteros,

38 835 88 897 ira
121 844 156 897 et
188 835 407 919 desperatione
429 836 520 900 dilati
542 837 659 901 totiens
688 837 828 901 donativi
841 846 859 900 :‘
879 846 982 918 erant,
1007 853 1095 922 quon
1139 852 1140 858 ’

38 919 193 985 memoria
215 920 366 998 Neronis,
392 944 429 987 ac
454 923 647 987 desiderium
672 924 784 1008 prioris
808 923 946 988 licentiae
976 945 1086 989 acoen-

38 1008 153 1070 deret:
177 1006 208 1070 in
231 1029 396 1073 commune
418 1030 527 1074 omnes
543 1020 632 1075 metu
646 1010 807 1075 mutanda
822 1010 967 1075 militiae·
989 1020 1089 1076 terre·

39 1094 168 1157 bantur.
686 1141 688 1145 .

83 1179 138 1243 26.
163 1178 281 1244 Infecit
305 1202 344 1244 ea
369 1182 459 1246 tabes
477 1181 646 1266 legionum
676 1200 806 1266 qnoque
835 1191 870 1246 et
897 1182 1088 1248 auxiliorum

39 1274 142 1329 motas
152 1267 219 1351 jam
235 1276 367 1343 mentes,
384 1277 552 1352 postquam
567 1269 732 1353 vulgatum
747 1276 827 1344 erat,
852 1277 861 1306 ⁸
877 1269 983 1333 labare
1004 1266 1088 1332 Ger·

40 1353 158 1416 manici
186 1354 348 1418 exercitus
376 1355 505 1419 fldem:'
565 1357 709 1438 adeoque
737 1364 848 1439 parata
876 1355 962 1440 apud
990 1356 1089 1420 malos

40 1439 168 1515 seditio,
192 1440 290 1504 etiam
313 1442 397 1525 apud
421 1442 560 1526 integros
584 1438 793 1524 dissimulatio
816 1440 891 1518 fuit,
907 1451 945 1505 ut
961 1451 1088 1525 postero

41 1524 161 1590 Iduum
186 1526 263 1602 die‚⁶
285 1529 472 1592 redeuntem
495 1550 515 1592 a
537 1549 631 1592 coena
647 1526 806 1591 Othonem
821 1528 942 1611 rapturi
956 1527 1087 1604 fuerint,

40 1611 104 1675 nisi
126 1612 247 1677 incerta
266 1615 379 1689 noctis,
395 1623 428 1677 et
442 1622 510 1678 tota
524 1612 614 1678 Urbe
628 1635 736 1698 sparsa
752 1613 886 1681 militum
901 1623 1014 1692 castra,
1030 1637 1089 1680 nec

42 1697 169 1761 facilem
193 1700 276 1764 inter
299 1701 488 1765 temulentos
511 1721 708 1777 consensum,
733 1700 930 1764 timuissent:
954 1723 1015 1765 non
1029 1703 1092 1766 rei·

41 1784 179 1869 publicae
203 1808 292 1866 cura,
317 1809 411 1871 quam
434 1787 561 1851 foedare
585 1785 743 1873 Principis
765 1786 815 1850 sui
829 1787 981 1870 sanguine
995 1789 1091 1852 sobrii

42 1872 217 1955 parabant;
240 1874 350 1937 sedne
375 1895 432 1958 pet
454 1873 613 1950 tenebras,
628 1881 666 1937 ut
688 1873 822 1958 quisque
844 1872 1017 1937 Pannonici
1039 1875 1090 1938 vel

43 1955 230 2038 Germanici
251 1959 412 2024 exercitus
433 1960 586 2024 militibus
607 1960 732 2024 oblatus
754 1967 848 2034 esset,
871 1958 1090 2044 ignorantibus

42 2044 217 2130 plerisque,
247 2068 304 2130 pro
337 2045 467 2110 Othone
496 2047 718 2112 destinaretur.
762 2044 869 2110 Multa
896 2049 1090 2131 erumpentis

43 2131 208 2195 seditionis
231 2132 358 2207 indicia,
384 2155 441 2216 per
465 2135 604 2198 conscios
629 2153 799 2219 oppressa3
833 2133 979 2216 quaedam
1005 2135 1091 2234 apud

44 2215 161 2281 Galbae
192 2239 285 2282 aures
314 2220 484 2303 praefectus
515 2220 600 2284 Loco
625 2220 730 2295 elusit,
756 2219 886 2319 ignarus
909 2219 1092 2306 militarium

44 2304 247 2379 animorum
268 2306 464 2390 consiliique,
490 2307 635 2391 quamvis
664 2306 797 2392 egregii,
824 2304 910 2389 quod
935 2326 997 2370 non
1023 2307 1092 2391 ipse

44 2385 199 2463 adferret,
214 2391 369 2465 inimicus,
385 2401 419 2456 et
433 2393 591 2456 adversus
599 2392 717 2477 peritos
731 2392 894 2476 pervicax.

48 2506 49 2510 ¹
87 2476 142 2541 27.
168 2475 438 2543 Octavodeoimo‘
459 2479 616 2561 Celendas
641 2477 810 2543 Februarii
832 2474 1022 2544 sacrificanti
1037 2498 1093 2563 pro

48 2696 51 2699 -
76 2667 90 2692 ⁸
106 2661 244 2736 Dempta]
267 2652 395 2710 Suetonius
409 2661 495 2710 relator
511 2661 554 2710 the
586 2662 683 2710 honour.

44 2733 132 2774 matter
141 2741 207 2775 more
216 2726 350 2791 distinctly,
361 2728 406 2774 rud
418 2729 496 2775 shows
512 2727 554 2775 the
617 2734 629 2761 ⁸
647 2725 782 2793 Beneficia]
799 2726 845 2776 See
856 2724 889 2774 H.
898 2725 933 2784 ir,
944 2731 985 2777 te.

45 2791 212 2839 smullnessof
226 2791 435 2840 therrsonrcesof
448 2791 515 2839 Otho
528 2793 555 2840 in
618 2793 712 2842 ‘Muta
729 2793 792 2857 mih]
824 2791 1057 2856 Degradrtion'm
1078 2807 1094 2840 u

45 2857 89 2903 the
115 2856 189 2904 midst
213 2857 242 2904 of
265 2858 322 2904 such
343 2857 399 2905 bold
422 2863 553 2920 attempts:
586 2857 677 2905 militur
703 2857 864 2922 punishment.
889 2855 1026 2919 1nDigest.
1038 2856 1092 2908 libr.

45 2927 54 2950 ⁴
67 2920 133 2968 Ante
149 2935 238 2983 procos
253 2921 305 2969 dies
320 2937 387 2969 servo
400 2921 502 2971 Curatis
512 2937 554 2985 pro
586 2922 648 2980 xtir,
658 2873 708 2971 tlt
727 2926 767 2972 le,
785 2923 816 2970 de
832 2922 872 2971 tte
889 2922 945 2970 Mit.
960 2922 1006 2982 leq.
1023 2925 1047 2970 a.
1063 2938 1093 2970 ex

45 2985 174 3048 impetrata
199 2986 376 3048 dispensatione
403 2987 482 3034 decies
506 3002 555 3034 ses·
586 2986 734 3044 Modestius.
752 2986 851 3036 ‘Pane
867 2987 968 3034 militurn
983 2986 1093 3051 hujusce·

45 3051 146 3099 tertium
165 3051 252 3115 [Aegl.
274 3053 356 3101 83331.
378 3055 414 3100 6ο.
436 3051 489 3114 Sd]
512 3066 555 3099 ex·
586 3052 653 3099 modi
662 3059 732 3100 sonte
747 3051 879 3115 mitigatio,
888 3051 1024 3114 pecuniaria
1034 3053 1094 3101 mul·
1190 3099 1192 3103 .

46 3122 173 3176 presserat
201 3117 256 3165 Hoc
271 3116 401 3164 subsidium
414 3115 556 3177 tunticoepti
586 3115 873 3178 muommmindietiq,
882 3117 974 3164 militie
984 3118 1094 3173 mutatio,

45 3180 112 3230 fuit:
129 3194 157 3228 ac
167 3181 242 3243 primo
253 3182 357 3244 quinque
368 3181 557 3244 speculatoribus
587 3179 674 3244 gredm
691 3180 803 3244 dejectio,
821 3180 977 3242 ignominiose
995 3181 1096 3232 missio!

46 3245 220 3294 manarent
234 3261 281 3302 res,
298 3245 385 3294 deiude
401 3245 485 3294 decem
495 3245 557 3321 aliis,
588 3245 639 3294 The
665 3244 791 3321 praeterita
814 3245 860 3293 sud
878 3246 921 3293 the
941 3246 992 3311 city
1013 3254 1095 3312 troops

47 3309 450 3440 ἓῖεάξιῗῖῃειειεὲἕὲῗῗιὲπῧιδῗ
457 3326 558 3440 hellddl]
588 3309 749 3425 sequemur}
758 3308 923 3442 ‹ppprpgpdwo
934 3376 1019 3426 should
1030 3377 1094 3433 read,

46 3446 227 3503 representem,
239 3451 264 3488 et
276 3441 451 3505 quinquagena,
469 3440 557 3503 [Aegl.
588 3454 615 3488 as
624 3440 644 3488 it
654 3440 732 3489 would
743 3456 817 3501 seem,
824 3441 904 3507 pridie
911 3441 979 3500 Idus,
987 3444 1028 3490 the
1038 3443 1095 3492 rath

48 3507 115 3554 ⁴161.
137 3507 188 3553 1³⁸·
208 3505 261 3568 td]
290 3507 414 3568 promisse.
452 3505 498 3553 Per
514 3507 557 3553 hor
588 3504 792 3572 dryofJanurry.

45 3569 170 3620 sollicitari
181 3570 276 3633 reliqui,
284 3587 330 3620 nec
340 3571 400 3619 adeo
408 3569 557 3626 multi‚haud
620 3569 785 3622 statuorum
821 3571 892 3621 Since
909 3570 970 3621 from
989 3583 1020 3620 ru
1037 3578 1094 3620 ‘us-

48 3628 325 3700 dobisfidueiriu‘ipro
341 3636 438 3700 negotio
453 3634 557 3701 pluribus
589 3635 684 3692 ressor,'
702 3635 768 3685 heh
813 3637 913 3686 become
931 3652 946 3686 a
961 3637 1054 3700 prefect
1070 3638 1098 3684 of
1161 3693 1164 3696 ⁴

48 3699 364 3756 affuturis,'8ueu01h.o.
589 3701 767 3764 theprurtorian
776 3711 828 3750 troo
858 3733 867 3750 .

52 3796 57 3802 -
80 3766 168 3815 'Duo
178 3766 278 3830 maim]
292 3766 408 3815 Proculus
423 3765 470 3814 and
483 3763 558 3812 Vetu-
621 3718 913 3833 ‘omoeoectmoll'rhe
932 3765 992 3816 teth
1008 3765 1036 3814 of
1053 3765 1095 3814 Jn·
1156 3808 1161 3823 ,

48 3829 108 3885 rius,
120 3836 168 3892 trro
184 3830 213 3877 of
224 3830 266 3877 the
282 3831 459 3895 ‘manipulares
473 3845 558 3892 specu·
589 3842 675 3897 nntry.

49 3893 158 3952 latores)
168 3895 215 3943 and
223 3905 265 3945 not
273 3895 402 3960 signalised
414 3895 446 3961 by
457 3895 559 3960 military
