2512 4372
96 206 152 285 78„
422 221 455 271 c.·
477 218 816 281 consentiremus
936 201 1179 286 [susacim

99 341 281 421 miscuerat,
296 360 361 403 uua
375 358 449 403 curn
461 337 581 421 aquila,
595 339 687 422 quasi
703 339 814 403 eadum
830 337 1176 422 tegio¹spccts1sssnt

101 418 274 500 Tiridates,
299 433 451 507 vergente
471 425 539 508 jam
563 425 628 506 die,
653 425 765 508 procul
786 425 922 499 adstitit,
946 423 1178 499 undeviceni

102 512 204 594 magis
228 532 323 594 quam
346 510 450 573 audiri
473 518 591 593 posset.
638 510 692 573 Ita
713 512 782 574 siue
804 531 979 594 congressu
1000 508 1180 579 dnstcm

104 619 215 663 manus
230 598 401 661 abscedere
415 595 551 659 militem
566 619 624 659 sua
639 618 802 679 quemque
817 597 850 661 in
865 605 971 661 castre
981 597 1168 680 jubesne-:u

113 740 117 749 .
147 680 201 748 39.
226 684 315 760 Rex,
331 683 400 745 sive
415 682 561 745 fraudem
580 692 777 766 suspectans,
797 683 873 766 quia
894 682 996 764 plura·
1011 681 1175 745 simul-in·

104 768 176 849 loca
196 769 313 845 ibatur,
336 769 403 832 sive
427 776 464 831 ut
486 777 681 832 commeatus
704 778 826 833 nostros
848 768 988 832 Pontico
1008 768 1176 833 mantes-

105 853 332 937 Trapezunte“
351 854 469 937 oppido
488 855 697 918 adventantes
717 855 933 936 interciperet,
950 852 1173 936 propemdiss·

107 941 203 1006 cedit.
238 942 304 1006 Sed
321 962 426 1023 neque
441 939 668 1003 commeatibus
680 941 744 1003 vim
760 941 866 1003 facere
882 940 998 1022 potuit,
1013 940 1093 1021 quia
1108 958 1166 1022 per

106 1037 230 1091 montes
250 1028 448 1090 ducebantur
468 1025 624 1108 praesidiis
644 1027 759 1089 nostris
778 1027 935 1089 insessos:
957 1034 992 1089 et
1008 1023 1161 1097 Corbulo,

106 1135 147 1177 ne
168 1113 300 1176 inritum
323 1111 440 1175 bellum
464 1110 658 1190 traheretur,
675 1120 777 1194 utque
794 1111 964 1179 Armenios
978 1111 1019 1177 nd
1034 1111 1175 1183 sus-dc·-

107 1199 269 1269 fendenda
285 1204 425 1280 cogeret,
443 1197 631 1261 exscindere
645 1206 737 1279 parat
752 1197 901 1261 castella:
926 1197 1065 1280 sibique,
1077 1198 1168 1280 quod

107 1284 336 1349 validissimum
360 1282 392 1344 in
417 1303 456 1345 ea
483 1283 702 1365 praefectura?
724 1291 932 1366 cognomento
957 1281 1170 1357 Volumnus

108 1369 224 1442 sumit3
247 1369 370 1431 minora
388 1366 537 1431 Cornelio
553 1367 670 1431 Flacco
691 1369 810 1452 legato,
827 1378 860 1432 et
876 1368 999 1433 Insteio
1014 1368 1168 1452 Capitoni

109 1463 284 1518 castrorum
312 1452 476 1536 praesecto,
504 1454 644 1517 mandat.
689 1454 772 1517 Tum
800 1455 1039 1538 circumspectis
1065 1455 1175 1519 unuin

109 1539 235 1617 ruentis,
253 1549 286 1603 et
300 1561 373 1622 quae
389 1539 618 1621 expugnationi
634 1540 759 1615 idonea,
779 1540 925 1624 provisis,
947 1541 1095 1605 hortatur
1108 1540 1167 1603 mi·

109 1626 193 1699 lites,
220 1634 228 1658 ‘
248 1634 283 1687 ut
299 1625 422 1687 hostem
437 1645 566 1706 vagum,
582 1647 689 1708 neque
704 1626 776 1708 paci
797 1635 854 1689 aut
875 1627 985 1709 praelio
1006 1636 1177 1711 paraturus·

110 1711 166 1775 sed
183 1710 347 1795 perfidiam
362 1719 397 1773 et
412 1709 572 1792 ignaviam
586 1711 667 1793 fuga
682 1713 896 1784 confitentem,
911 1721 1072 1777 exuerent
1084 1712 1168 1775 sediu'

111 1799 181 1872 bus,
198 1796 372 1880 gloriaeque
395 1797 515 1879 pariter
533 1805 567 1859 et
586 1798 705 1879 praedcc
721 1798 942 1861 consulerent!
986 1797 1072 1863 Tum
1087 1819 1168 1881 qus·-

111 1882 161 1947 dri
184 1884 279 1947 artito
296 1882 454 1961 exercitu,
471 1880 528 1944 hos
543 1883 575 1946 in
591 1883 805 1946 testudinemt
823 1883 1040 1965 conglobatos,
1054 1884 1171 1947 subru-

112 1904 194 2031 endo
210 1968 292 2030 vallo
307 1968 448 2041 inducit;
473 1967 551 2030 alios
566 1969 668 2033 scalas
683 1971 843 2032 moenibus
858 1971 1039 2044 admovere,
1051 1971 1170 2033 multus

111 2054 279 2137 tormentis
305 2053 392 2117 laces
421 2063 455 2115 et
486 2053 605 2123 hastas¹
621 2054 765 2120 incutere
790 2057 897 2138 jubet.
950 2048 1170 2119 Librntcribus'

112 2139 390 2224 funditoribusque
407 2138 583 2204 attributus
602 2140 701 2214 locus,
718 2141 804 2204 uude
819 2141 943 2205 eminus
958 2141 1093 2223 glandes
1107 2151 1170 2205 tur-

114 2240 268 2310 quereut;
291 2247 417 2310 nequa
439 2247 513 2309 pars
533 2226 708 2290 subsidium
730 2227 946 2291 laborantibus
967 2227 1077 2303 ferret,
1099 2227 1172 2311 pani

117 2312 258 2396 undique
273 2321 372 2376 motu.
408 2311 533 2375 Tantus
549 2312 624 2375 inde
639 2314 733 2375 ardor
748 2313 901 2376 certantis
916 2314 1081 2377 exercitus
1096 2313 1172 2389 seit,

115 2409 153 2463 ut
167 2399 251 2463 iutra
268 2399 396 2463 tertiam
411 2397 476 2462 diei
491 2408 625 2481 partem.
640 2399 754 2462 nudati
771 2400 1063 2482 propugnatoribus
1075 2398 1172 2474 muns

116 2485 223 2549 obices
244 2495 406 2568 portarum
426 2483 581 2558 subversi,
598 2493 693 2567 capta
712 2491 864 2547 escensn¹
882 2486 1090 2559 munimenta,
1105 2506 1174 2549 cnr·

115 2592 237 2654 nesque
260 2571 395 2652 puberes
419 2569 570 2633 trucidati
589 2570 664 2646 sint,
681 2570 767 2633 nullo
790 2570 890 2633 milite
912 2571 1037 2645 amisso,
1061 2572 1175 2655 paucis

117 2655 288 2719 admodum
301 2655 491 2719 vulneratis:
509 2663 543 2718 et
555 2656 684 2720 imbelle
696 2656 811 2740 vulgus
823 2655 882 2719 sub
892 2667 1026 2721 corona·
1041 2678 1171 2723 senum·

149 2885 159 2908 ¹
173 2875 249 2932 thiasi
259 2876 340 2924 ecdem
350 2872 424 2937 tegio]
443 2874 477 2921 lls
487 2874 509 2923 it
516 2875 573 2939 only
584 2890 630 2924 cce
662 2877 733 2932 tutus,
750 2877 773 2923 ic
789 2875 870 2925 wlrirh
884 2877 943 2926 riser
957 2877 1000 2926 the
1014 2879 1079 2927 river
1088 2878 1175 2943 Cyrus,

119 2942 199 3007 legion
210 2956 268 2988 were
280 2955 336 2988 seen
346 2940 394 2987 und
404 2954 469 2987 nere
481 2948 587 3001 present.
662 2956 718 2987 now
727 2942 767 2991 tte
775 2943 840 2990 Kur·
859 2942 908 2990 But
918 2944 973 2990 here
981 2942 1080 3005 'frenus
1089 2946 1176 3009 spesss

80 3014 87 3023 ·
152 3006 280 3054 ‘Pontico
298 3002 372 3065 muri]
405 3002 469 3052 Now
492 3003 531 3053 tte
551 3004 631 3053 Black
662 3005 690 3053 oi
698 3016 798 3055 matters
808 3006 933 3055 unrelated
944 3008 1074 3071 byotheie.
1082 3008 1177 3059 sedete

120 3070 174 3119 ssa.
663 3070 713 3117 also
724 3070 801 3135 Pliny,
810 3071 843 3125 vi,
854 3076 877 3119 8.
897 3078 903 3098 ¹
914 3070 956 3133 [ln
969 3074 1013 3120 lroc
1024 3072 1091 3137 sinu]
1101 3074 1177 3125 mults

151 3142 166 3166 ·
189 3132 348 3195 Trapezunte]
392 3130 456 3180 Now
485 3131 633 3194 Turubczcrr,
664 3135 734 3183 aliter
752 3149 780 3183 ac
799 3143 890 3183 veteres
908 3135 1055 3198 proditurum
1072 3152 1111 3187 sss
1128 3152 1178 3187 nus

120 3199 255 3262 commonly
266 3198 404 3248 Trebiscsd·
426 3196 451 3244 It
461 3195 482 3245 ie
493 3197 632 3245 mentioned
665 3214 694 3246 eo
702 3198 805 3258 inficias,
812 3200 882 3246 susis
892 3201 1022 3263 perquisita
1030 3216 1097 3257 curs,
1104 3203 1178 3253 rebus

122 3263 156 3327 by
172 3263 235 3311 Ptin.
253 3262 286 3322 vi,
304 3267 328 3310 4.
363 3263 370 3288 ‘
382 3261 504 3326 Trapezus
522 3262 632 3324 liberum,
665 3278 742 3324 nuper
752 3264 777 3311 in
788 3278 817 3313 eo
829 3265 879 3312 situ
889 3266 963 3327 gestis
974 3280 989 3312 a
1000 3265 1110 3315 Domitio
1116 3266 1177 3315 Cur·

123 3336 192 3373 ussto
204 3334 285 3375 rucnte
296 3325 419 3374 clausum!
665 3329 764 3383 bulcus,
776 3329 918 3391 regibusque
929 3328 986 3377 iude
997 3330 1074 3377 scissis
1084 3331 1179 3397 suppli-

154 3392 221 3440 'Eu
243 3391 395 3453 prefectum]
429 3388 464 3438 Of
486 3390 528 3438 the
552 3398 633 3453 'pue-
665 3392 743 3451 cibus,
754 3400 796 3439 unt
806 3409 886 3455 regum
897 3394 980 3442 liberis
990 3393 1133 3447 obsidibua'

122 3454 236 3503 lecturae'
247 3455 273 3501 cl
282 3453 405 3517 Armenia,
414 3452 479 3502 Plin.
487 3456 519 3512 vi,
529 3460 553 3504 n.
570 3454 632 3501 ¹121-
697 3465 710 3499 ν
724 3457 753 3505 lu
765 3460 918 3522 testudinem]
938 3458 991 3506 'l'lre
1006 3459 1115 3509 Romus
1123 3460 1178 3511 issi·

122 3519 212 3569 viditur
226 3518 305 3582 (quud
318 3527 408 3567 eertum
423 3519 473 3581 est)
490 3517 516 3566 in
532 3520 632 3583 praelec·
666 3523 730 3568 tuted
740 3536 754 3568 e
763 3523 860 3570 tortoise
872 3526 904 3586 by
911 3522 1007 3586 joining
1017 3524 1179 3575 tlreirsltirlh

123 3596 196 3640 turre,
213 3598 272 3645 quus
289 3580 435 3645 στρατηγίας
452 3594 547 3643 vocant,
563 3600 633 3646 quus·
666 3585 732 3634 close
744 3587 862 3649 together.
888 3588 934 3635 See
946 3588 1004 3643 Dio,
1016 3588 1075 3644 slis,
1087 3605 1111 3652 p.
1122 3593 1178 3641 409.

123 3648 178 3696 dam
190 3664 217 3695 cs
229 3649 259 3695 iis
271 3647 308 3694 vel
320 3648 412 3709 singula
420 3662 492 3731 regns
503 3649 633 3713 quondum,
698 3658 709 3682 ²
724 3652 841 3714 Esceusu]
857 3651 875 3699 i.
883 3667 906 3700 e.
920 3652 1064 3709 ‘ascensus'
1080 3655 1178 3705 ssssult·

124 3712 442 3761 burbarisnrrminibusl‘ltl·
698 3723 710 3747 ⁰
728 3715 779 3764 Suc
798 3717 896 3779 scrcsu]
931 3716 967 3764 Ol
984 3716 1064 3765 wlsiels
1085 3728 1177 3769 esstcu

155 3786 168 3809 ι
189 3777 330 3839 Volandum]
363 3774 422 3823 'liris
439 3776 512 3825 castle
530 3777 551 3823 is
567 3792 634 3825 men·
666 3776 821 3833 Gell.vii,5.
854 3780 960 3842 ‘Sicuti‚
975 3781 1056 3844 inquit
1072 3781 1177 3845 [castius

123 3840 205 3889 tlcnad
217 3840 273 3906 only
283 3842 315 3903 by
325 3840 432 3890 'lucitus
465 3840 534 3889 From
546 3841 585 3889 his
595 3856 633 3890 ac·
666 3842 779 3909 Ssblnus]
793 3844 956 3908 jurisperitus,
968 3847 1103 3908 antiquitus
1112 3862 1178 3895 msu-

122 3916 195 3955 rnuut
207 3911 273 3955 these
284 3905 373 3954 csstles
384 3920 450 3953 seem
462 3914 487 3953 tc
501 3906 561 3953 lisre
573 3906 633 3954 bren
667 3907 731 3969 cipis
747 3908 801 3970 jure
820 3908 876 3956 belli
893 3918 963 3972 cepta
983 3911 1079 3958 coronis
1096 3912 1180 3960 indnts

122 3972 147 4017 in
157 3972 197 4020 the
207 3971 389 4021 lleuicclrisncr
399 3970 542 4020 llcscbicsu
553 3986 634 4019 urcun-
667 3972 803 4031 ueniebant,
821 3983 846 4022 et
867 3973 957 4025 idcirco
976 3975 1119 4027 dicsbsstsr
1135 3975 1179 4025 ηδ
