2512 4372
62 207 131 255 ιο.
148 190 219 271 69.]
325 261 336 283 ,
383 206 654 257 srsronranun
678 208 753 255 cm.
773 207 797 255 1.
1045 192 1120 256 «256

61 325 267 408 imaginibus,
292 326 324 388 in
348 336 477 391 senatus
501 335 535 390 et
558 327 670 411 populi
691 325 830 391 Romani
853 328 950 390 verba
969 326 1120 411 jmasse'

63 411 107 475 Id
124 425 354 476 sacramentum
376 414 469 476 inane
488 414 610 478 visum:
636 415 805 497 ‘occupari
828 423 992 477 nutantem
1016 415 1117 477 fortu-

63 520 151 571 nam,
177 509 210 562 et
234 500 340 577 offerri
360 499 564 583 Principem,'
589 500 717 582 placuit.
765 499 858 562 Missi
881 498 1051 564 aVitellio
1076 502 1118 564 ari

55 586 207 668 ‚legiones
231 586 428 669 legatosque,
454 586 511 670 qui
535 587 729 650 ‘descivisse
753 608 773 648 a
797 585 902 649 Galba
924 587 1118 670 superiorem

63 672 265 746 exercitum,'
281 675 482 736 nuntiarent:
508 673 663 756 ‘proinde
684 682 740 737 aut
762 671 940 736 bellandum
963 673 1118 737 adversus
1204 670 1208 682 ¹

63 758 290 838 desciscentes,
313 768 381 838 aut,
403 760 431 822 si
450 759 617 822 concordia
637 769 671 823 et
690 781 755 843 pax
777 759 912 843 placeat,
934 758 1119 823 faciendum

64 843 316 928 Imperatorem:
340 855 373 909 et
389 846 507 909 minore
522 845 701 910 discrimine
715 845 798 910 sumi
813 844 996 928 Principem
1021 867 1118 928 quam

23 943 24 948 ’
66 931 190 1014 quaeri.’

13 1015 50 1060 ⁹
110 1019 163 1081 57.
182 1016 336 1081 Proxima
346 1017 479 1100 legionis
493 1018 600 1100 primae
616 1017 755 1102 hyberna
767 1028 881 1098 erant}
894 1027 927 1082 et
944 1018 1117 1102 promtissi-

64 1125 138 1166 mus
164 1125 182 1164 e
212 1104 325 1187 legatis
349 1102 468 1167 Fabius
492 1103 623 1168 Valens.
669 1103 703 1204 Ip
730 1104 782 1168 die
811 1113 937 1189 postero
963 1105 1118 1169 coloniam

64 1190 335 1272 Agrippinensem
362 1212 433 1252 oum
461 1191 622 1275 equitibus
652 1190 785 1274 legionis
811 1192 1118 1276 auxiliariorumque

64 1277 240 1360 ingressus,
260 1276 526 1359 ‘Imperatorem'
541 1276 708 1341 Vitellium
724 1278 956 1342 consalutavit!
970 1308 975 1318 ·
987 1277 1117 1342 Secutae

59 1363 190 1446 ingenti
206 1366 378 1428 certamine
393 1364 535 1447 ejusdem
558 1364 729 1447 provinciae
745 1363 904 1447 legiones:
928 1374 962 1428 et
976 1365 1119 1447 superior

63 1451 241 1533 exercitus,
265 1450 414 1532 speciosis
436 1461 564 1514 senatus
584 1450 758 1534 populique
779 1450 917 1514 Romani
939 1451 1118 1515 nominibus

15 1617 17 1620 Α
65 1536 196 1610 relictis
222 1537 350 1599 tertium
372 1535 483 1600 Nonas
503 1536 674 1601 Januarias
692 1535 824 1600 Vitellio
847 1539 997 1600 accessit:
1021 1539 1117 1602 scires

64 1621 156 1685 illurn
173 1622 276 1706 priore
293 1624 388 1686 biduo
404 1644 465 1686 non
482 1644 578 1706 penes
592 1622 844 1704 rempublicam¹¹
858 1624 966 1687 fuisse.
1010 1623 1118 1688 Ardo-

63 1730 135 1772 rem
157 1709 355 1772 exercituum
376 1708 638 1793 Agrippinenses,
659 1708 803 1782 Treveri,
826 1708 986 1792 Lingones
1009 1733 1118 1794 aequa·

59 1797 154 1867 -bant,
179 1795 332 1870 ‘auxilia
348 1817 458 1879 equos,
474 1817 572 1874 arma,
588 1797 756 1880 pecunias'
779 1796 960 1874 offerentes,
979 1795 1015 1858 ut
1030 1797 1119 1880 qnis-

65 1903 132 1965 que
147 1903 288 1966 corpore,
305 1881 428 1965 opibus,
444 1882 572 1964 ingenio
587 1882 721 1946 validus.
764 1880 840 1945 Neo
852 1883 1007 1965 principes
1024 1886 1117 1949 modo

64 1967 261 2032 coloniarum
284 1983 340 2031 aut
362 1977 546 2044 castrorum,
563 1970 679 2052 quibus
700 1969 877 2052 praesentia‘
893 1992 934 2033 ex
954 1970 1119 2033 affluenti⁰

65 2063 101 2118 et
126 2062 216 2137 parta
239 2055 372 2117 victoria
397 2077 520 2139 magnae
547 2077 639 2139 spes:
673 2057 732 2119 scd
755 2054 909 2138 manipuli
931 2077 1060 2139 quoque
1083 2065 1118 2120 et
1207 2064 1208 2067 ’

64 2141 233 2225 gregarius
246 2142 336 2205 miles
347 2141 465 2204 viatica
479 2164 537 2205 sua
549 2151 582 2205 et
594 2142 733 2206 balteos*
748 2141 967 2226 phalerasque,
982 2142 1118 2225 insignia

64 2249 226 2291 armorum
240 2236 371 2310 argento
387 2228 511 2304 decora,
525 2231 594 2293 loco
608 2230 752 2313 pecuniae
768 2230 951 2304 tradebant:
967 2229 1118 2291 instinctu

64 2324 102 2377 et
116 2315 239 2397 impetu
254 2324 287 2377 et
302 2313 461 2379 avaritia.y

98 2563 186 2626 ‘Hyla
194 2555 274 2628 er'oat]
283 2565 370 2613 Which
377 2580 441 2612 were
449 2572 474 2613 at
481 2565 576 2622 Bonna,
609 2562 689 2610 before
708 2561 755 2610 had
773 2570 823 2610 cast
840 2578 908 2628 away
925 2563 965 2610 the
986 2571 1077 2611 statues
1093 2564 1120 2611 ot

66 2643 124 2676 now
139 2631 216 2679 Bona
610 2627 697 2690 Galba,
708 2628 756 2675 and
767 2628 814 2675 had
824 2644 903 2676 sworn
917 2630 977 2675 their
988 2629 1119 2692 allegiance

63 2706 69 2716 ¹
100 2695 109 2725 l
129 2694 299 2758 Vilell.cons.]
326 2695 378 2743 ‘lhe
395 2692 578 2742 transactionis
610 2702 635 2740 to
651 2693 693 2740 the
712 2702 796 2740 senate
814 2693 861 2741 and
878 2694 918 2740 the
938 2694 1032 2756 people,
1050 2701 1118 2741 ‘non

66 2773 132 2806 more
143 2759 211 2822 'sully
229 2759 317 2807 related
335 2760 366 2824 by
382 2760 448 2807 Suet.
458 2759 542 2807 Vitell.
553 2763 578 2807 8.
610 2772 684 2819 penes
695 2773 770 2820 remp.
780 2758 872 2820 fuisse‚'
882 2759 926 2805 i.e.
939 2759 1033 2805 did‘not
1042 2768 1081 2805 act
1091 2773 1119 2806 so

65 2823 137 2872 ‘Vix
153 2823 209 2871 dum
226 2840 307 2871 mense
323 2833 450 2886 transacto,
465 2825 523 2887 [quc
536 2823 578 2871 Vi·
612 2823 666 2868 with
682 2838 697 2870 a
713 2822 773 2870 uish
788 2823 824 2870 ior
840 2839 855 2870 a
868 2823 984 2886 republic,
998 2823 1043 2871 but
1058 2823 1119 2873 from

65 2889 149 2936 tellius
158 2889 183 2935 in
196 2889 347 2938 Germaniam
357 2890 494 2938 inferiorern
505 2904 577 2936 rene·
611 2886 673 2934 their
684 2887 818 2950 appositior
830 2895 855 2936 to
867 2888 953 2936 Galba.

64 2955 125 3018 sah]
135 2968 214 3016 neque
223 2954 279 3011 diei,
289 2970 367 3016 neque
376 2954 488 3017 temporis
497 2954 578 3002 hahita
642 2960 653 2984 ⁹
670 2953 712 3000 Ex
722 2950 785 3016 affl]
802 2954 819 3000 i.
826 2967 848 3000 e.
861 2955 868 2979 ‘
878 2951 1019 3000 affluenter.'
1048 2952 1118 3016 They

65 3019 170 3077 ratione,
182 3035 210 3066 ac
222 3019 272 3082 jam
283 3034 381 3082 vespere
396 3020 500 3067 subitos
515 3019 577 3066 mili·
610 3031 671 3064 were
687 3017 782 3080 already
794 3019 910 3082 wmhhy,
922 3017 969 3065 and
986 3019 1064 3079 hopcd
1081 3018 1120 3065 lor

66 3083 133 3131 tibus
144 3099 157 3132 e
169 3083 279 3132 eubiculo
290 3093 381 3145 raptus,
397 3085 431 3132 ita
448 3091 475 3132 ut
491 3092 542 3131 erat
553 3084 579 3131 in
610 3089 676 3144 great
696 3081 778 3144 things
798 3082 860 3130 from
883 3086 924 3130 the
947 3083 1038 3147 victory
1059 3085 1119 3148 they

65 3157 135 3197 veste
156 3149 295 3204 domestica,
314 3149 446 3213 Imperator
467 3158 504 3197 est
522 3164 579 3196 con·
610 3146 694 3192 should
706 3147 787 3208 gain.»
1106 3179 1107 3183 ,

67 3213 202 3272 salutatus3
230 3214 428 3276 circumlatusque
449 3230 493 3277 per
515 3214 579 3261 cele·
635 3218 649 3242 ²
670 3211 838 3274 Vtra-huc]
865 3211 918 3260 The
936 3211 1081 3261 ‘viaticum'
1097 3213 1120 3261 is

66 3277 184 3326 berrimos
195 3278 267 3333 vicos,
280 3279 384 3326 strictum
396 3280 446 3326 divi
457 3280 471 3328 J
475 3278 518 3325 ulii
530 3278 579 3341 gla·
611 3291 697 3340 money
710 3286 735 3323 to
747 3291 793 3340 pay
805 3276 846 3323 the
857 3291 976 3340 expenses
987 3279 1014 3325 ol
1026 3293 1040 3325 a
1051 3277 1121 3340 jour·

67 3343 136 3391 dium
149 3351 244 3408 tenens,
255 3343 384 3391 detractum
398 3343 497 3391 delubro
512 3344 578 3391 Mar·
609 3356 666 3404 ney,
683 3355 709 3387 ns
724 3357 827 3403 appears
842 3341 903 3390 frorn
914 3342 1011 3406 Ulpian,
1023 3343 1120 3406 Digest.

68 3409 109 3464 tis,
124 3419 197 3470 atque
213 3408 238 3455 in
257 3409 334 3471 prima
352 3409 508 3471 gratulatione
526 3423 579 3471 por-
599 3405 665 3454 ·Lib.
676 3405 719 3460 xii,
730 3407 778 3454 Tit.
789 3411 809 3454 l.
820 3407 850 3454 de
861 3408 933 3456 rebus
943 3407 1048 3462 creditis,
1059 3409 1120 3468 Leg.

67 3482 162 3521 rectum
180 3472 227 3519 sihi
246 3488 260 3519 a
277 3475 395 3536 quodam:
416 3490 462 3522 nec
481 3480 536 3520 ante
553 3472 580 3520 in
613 3475 652 3519 lr.
673 3470 718 3516 Sec
730 3472 780 3518 also
791 3472 858 3519 Suet.
868 3472 918 3521 lul.
928 3477 969 3521 68.
988 3473 1040 3520 The
1053 3481 1059 3501 ⁴
1071 3473 1121 3519 bal-

69 3538 207 3600 praetorium
226 3537 305 3592 rediit,
319 3553 391 3600 quam
406 3538 521 3601 flagrante
538 3539 580 3584 tri-
613 3533 679 3582 teus'
696 3550 746 3584 was
762 3550 777 3582 a
796 3536 904 3585 leathern
923 3539 998 3599 girdle
1016 3536 1121 3584 studded
1212 3578 1216 3592 ,

67 3602 142 3649 clinio
159 3616 191 3649 ex
208 3611 325 3665 conceptu
341 3603 442 3650 camini:
463 3612 513 3650 tum
529 3603 581 3664 qui·
612 3600 670 3647 with
682 3599 815 3666 bosses,by
828 3603 905 3650 which
922 3604 997 3666 girdle
1012 3616 1028 3648 a
1043 3602 1121 3648 sword

68 3667 125 3714 dem
139 3669 311 3723 consternatis,
323 3677 348 3715 et
362 3668 430 3730 quasi
443 3669 523 3715 omine
538 3665 580 3713 ad·
613 3680 661 3710 uas
681 3668 817 3728 suspended
841 3667 902 3714 irum
926 3670 967 3715 the
988 3666 1122 3712 shoulders.

68 3746 138 3780 serso
160 3732 239 3779 anxiis
259 3732 377 3794 omnibus,
396 3734 490 3795 inquit,
513 3731 581 3778 Bono
614 3729 754 3777 ‘Phalera’
772 3745 811 3778 are
828 3732 883 3780 here
900 3734 941 3780 the
951 3739 1086 3778 ornaments
1096 3730 1124 3776 of

69 3796 151 3844 animo
161 3804 249 3855 estote,
259 3797 326 3844 nobis
337 3797 438 3844 alluxit:
455 3797 523 3844 nullo
534 3811 582 3844 ser·
614 3797 704 3848 horres,
714 3795 740 3842 in
749 3796 831 3843 which
848 3799 913 3844 there
924 3811 973 3844 was
988 3795 1123 3858 commonly

70 3876 141 3909 mone
152 3861 200 3909 alio
211 3863 276 3924 apud
289 3862 377 3908 milites
388 3861 461 3909 usus?
614 3877 628 3910 s
640 3860 700 3921 good
712 3860 766 3908 deal
779 3862 806 3907 ol
816 3860 896 3908 silver.
1115 3863 1124 3875 ’“

104 3933 118 3958 ¹
132 3927 186 3974 Noa
194 3941 219 3989 p.
229 3926 315 3989 remp]
332 3926 439 3986 erence
450 3942 498 3992 you
508 3925 584 3988 might
646 3934 659 3968 ν
673 3925 707 3974 Et
715 3926 767 3990 ua]
785 3924 837 3973 The
848 3924 912 3987 hope
921 3921 948 3971 oi
957 3930 1049 3986 greater
1056 3921 1125 3986 gain.

71 3990 140 4040 leam
154 3991 208 4039 thar
223 3992 265 4042 the
279 4005 355 4056 army,
365 3991 443 4040 which
462 3999 510 4039 two
525 3989 585 4056 days
