2512 4372
49 212 120 260 ao.
135 195 206 278 69.]
381 207 653 258 ursronrrnuu
677 173 751 260 nra.
770 213 795 260 r.
1041 197 1108 263 253

51 341 247 417 quaestorem
258 332 291 395 in
302 331 456 411 Baetica,⁶
468 331 604 415 impigre
614 331 647 394 in
659 340 766 416 partes
778 353 850 395 suas
861 340 1105 418 transgressum,

51 420 173 503 legioni
198 420 391 504 praeposuit:
419 439 496 482 mox
519 426 729 500 compertum,
756 419 913 502 publicam
940 422 1107 502 pecuniam

52 507 219 580 avertisse,
246 515 284 568 ut
308 505 523 590 peculatorem
552 504 690 589 flagitari
713 504 821 589 jussit.
868 504 996 570 Caecina
1022 529 1107 591 segre

52 596 192 678 passus,⁵
203 593 334 655 miscere
346 601 462 655 cuncta
472 600 505 654 et
518 591 645 675 privata
656 590 806 654 vulnerat
820 592 1003 675 reipublicae
1016 595 1107 658 malis

52 680 180 764 operire
204 679 327 743 statuit.
374 676 447 741 Neo
469 678 601 741 deerant
622 677 655 740 in
680 679 826 741 exercitu
848 679 968 742 semina
989 681 1107 745 discor·

53 767 137 830 diae:
160 766 246 848 quod
262 776 296 828 et
310 765 392 827 bello
408 764 559 828 adversus
575 761 744 826 Vindicem
765 764 933 828 universus
949 766 1107 847 adfuerat,
1180 804 1182 808 ι

53 874 127 929 nec,
142 853 203 916 nisi
218 852 320 915 occiso
337 850 481 930 Nerone,
498 849 668 914 translatus
683 850 715 913 in
733 848 882 926 Galbam,
899 861 997 935 atque
1017 853 1049 916 in
1069 876 1108 917 eo

54 941 126 1022 ipso
153 947 349 1002 sacramento
377 937 504 1001 vexillis
529 936 688 1000 inferioris
716 935 898 1001 Germaniae
927 949 1109 1021 praeventus

54 1034 136 1090 erat.
182 1025 227 1088 Et
255 1024 392 1088 Treveri
416 1046 453 1088 ao
480 1022 650 1108 Lingones,
682 1030 827 1108 quasque
856 1024 934 1088 alias
964 1026 1110 1090 civitates

54 1111 215 1176 atrocibus
237 1111 351 1175 edictis
373 1119 429 1174 aut
448 1111 564 1174 damno
585 1110 696 1173 finium
713 1108 820 1175 Galba
834 1111 1039 1194 perculerat,l
1054 1112 1111 1198 hy-

54 1198 162 1262 bernis
185 1198 346 1282 legionum
369 1196 500 1281 propius
522 1196 695 1260 miscentur
708 1211 735 1260 :⁴
762 1198 847 1261 unde
868 1199 1019 1263 seditiosa
1045 1199 1111 1264 col·

55 1285 174 1369 loquia,
191 1295 225 1348 et
240 1284 323 1348 inter
339 1286 501 1368 paganosf
515 1284 693 1367 corruptior
705 1283 807 1363 miles,
821 1291 855 1348 et
870 1286 903 1348 in
918 1284 1110 1372 Verginium
1150 1280 1153 1286 ’

24 1414 26 1416 -
56 1373 177 1450 favent
192 1371 383 1454 cuicumque
399 1370 452 1433 alii
465 1371 664 1455 profuturus.

101 1459 154 1523 54.
186 1457 320 1521 Miserat
343 1457 457 1520 civitas
481 1456 689 1540 Lingonum*
712 1465 822 1521 vetere
846 1457 1004 1532 instituto,
1030 1458 1112 1522 dona

21 1615 22 1620 η
56 1543 248 1629 legionibus,
273 1545 414 1618 dextras,
441 1543 568 1626 hospitii
595 1540 741 1642 inqigne!
785 1543 901 1627 Legati
929 1565 1050 1618 eorum,
1078 1547 1111 1608 in

57 1631 239 1716 squalorem
245 1631 501 1714 maestitiamque
513 1629 691 1712 composui,
707 1650 765 1713 per
777 1630 959 1714 principia*
969 1653 1026 1715 per
1037 1639 1111 1695 c'ori-

58 1719 217 1792 tubernia,
231 1719 324 1780 modo
341 1727 434 1780 ‘suas
446 1717 599 1800 iujurias,’
612 1715 705 1779 modo
722 1715 906 1779 ‘civitatum
921 1717 1115 1781 vicinarum¹

59 1804 193 1889 praemia
203 1805 225 1878 ς’
241 1813 275 1866 et
289 1803 345 1867 ubi
359 1804 465 1886 pronis
481 1803 617 1866 militum
635 1802 764 1866 auribus
779 1802 1026 1885 accipiebantur,
1044 1804 1113 1888 ‘ip-

58 1891 126 1955 sius
148 1891 310 1954 exercitus
332 1890 475 1974 pericula
496 1903 530 1953 et
551 1888 774 1953 contumelias'
798 1902 1039 1973 conquerentes,
1061 1911 1113 1955 ao-

59 1977 239 2042 eendebant
268 1977 398 2041 animos.
445 1975 518 2040 Nec
547 1976 658 2062 procul
687 1975 843 2040 seditione
872 1977 1014 2051 aberant,
1041 1999 1113 2041 cum

60 2063 267 2134 Hordeonius
291 2063 428 2127 Flaccus
456 2067 466 2100 ‘
478 2063 566 2127 abire
592 2062 736 2147 legatos,'
760 2071 861 2147 utque
886 2064 1039 2127 occultior
1064 2065 1114 2128 di-

59 2173 190 2236 gressus
206 2159 301 2229 esset,
325 2159 441 2213 ‘nocte
455 2150 566 2213 castris
581 2148 755 2213 excedere'
773 2149 878 2234 jubet.
923 2149 1005 2213 Inde
1021 2159 1114 2214 atrox

59 2259 180 2312 rumor,
197 2237 437 2300 adfirmantibus
459 2237 630 2320 plerisque,
656 2237 878 2314 ‘interfectos
900 2257 948 2315 ac,
966 2237 1031 2300 nisi
1052 2237 1114 2320 ipsi

59 2325 272 2398 consulerent,
292 2325 372 2399 sore,
393 2332 430 2386 ut
452 2323 600 2387 acerrimi
622 2322 770 2396 militum,
793 2330 827 2385 et
848 2324 1018 2407 praesentia
1040 2346 1116 2387 con·
1188 2343 1190 2346 ’

59 2411 178 2496 questi,
194 2433 252 2495 per
267 2411 415 2474 tenebras
430 2420 463 2473 et
483 2410 642 2475 inscitiam
668 2417 848 2473 ceterorum
872 2411 1113 2474 occiderentur?

91 2645 104 2670 ⁰
123 2633 230 2701 Baetica]
255 2635 363 2693 Baetica3
378 2650 435 2683 uorr
450 2635 572 2690 Grenatlo,
605 2632 715 2682 Romans
726 2616 804 2683 cilled
816 2649 905 2698 pagana
916 2634 972 2683 such
984 2649 1008 2682 as
1020 2634 1062 2682 did
1073 2642 1116 2684 not

60 2701 160 2764 neate,
173 2703 290 2757 Cordora,
307 2708 392 2765 oport
405 2699 434 2761 of
446 2701 509 2750 «laen
525 2703 572 2750 aad
604 2713 671 2746 servs
687 2699 714 2746 in
732 2701 772 2746 the
789 2715 851 2760 war;
868 2715 902 2755 ro,
921 2701 990 2748 those
1012 2703 1067 2748 wbo
1082 2702 1114 2748 do

59 2769 244 2822 Batremcdara.
603 2773 647 2811 not
657 2779 726 2812 serre
737 2764 801 2824 God,
812 2780 849 2813 rra
862 2764 908 2813 call
918 2781 1018 2829 pagana.
1142 2819 1144 2822 Α

93 2830 105 2863 ⁶
120 2833 197 2892 AEgre
207 2828 301 2894 passas]
316 2830 380 2878 Tbat
390 2829 507 2893 disgraea.
627 2837 642 2872 t
656 2831 685 2878 la
698 2829 861 2894 Verg.suaor]
873 2829 1119 2896 Whomtbeywoukl

93 2903 105 2928 ⁶
123 2897 191 2946 Pria.
206 2897 282 2960 culm]
309 2895 380 2943 Since
397 2896 429 2943 be
447 2894 494 2942 had
511 2895 574 2942 been
605 2894 668 2941 have
684 2893 754 2942 made
770 2909 888 2959 emperor,
904 2896 951 2943 had
968 2896 1000 2944 he
1017 2905 1060 2943 not
1071 2910 1115 2960 op·

61 2959 393 3024 arraignedforpeculation.
424 2959 489 3008 Sch
501 2974 526 3006 as
536 2959 573 3007 di·
606 2959 681 3022 posed
691 2958 719 3007 it.
1099 2977 1101 2983 ⁴

60 3025 148 3075 nartetl
160 3028 203 3074 the
219 3026 300 3089 public
312 3039 435 3088 money,o
457 3026 541 3072 turned
553 3023 575 3072 it
639 3023 653 3056 ¹⁵
671 3025 724 3072 Cia.
736 3024 823 3088 Ling.]
839 3023 929 3073 Which
944 3025 992 3073 had
1006 3025 1115 3081 retained

59 3091 225 3140 totireirown
241 3107 294 3148 usa,
308 3105 372 3139 were
389 3093 419 3155 by
436 3090 476 3138 aba
492 3090 576 3140 Julian
607 3088 638 3136 its
648 3087 741 3154 fidelity
752 3099 777 3138 to
789 3089 863 3138 Nero.
1095 3143 1099 3154 ‚

62 3157 108 3205 law
120 3155 197 3221 guilty
209 3155 237 3202 oi
245 3156 391 3219 peculrtion.
639 3151 744 3217 ‘Horra
764 3155 823 3218 ina]
855 3153 907 3202 The
928 3154 1046 3218 Lingones
1066 3158 1120 3218 had¹

94 3220 273 3285 “Percuterot]
288 3221 333 3269 For
341 3218 459 3284 opposing
466 3218 575 3267 Vindex.
607 3226 661 3266 rent
671 3219 836 3267 ambassadors
850 3228 877 3267 to
890 3221 959 3268 make
969 3232 1077 3283 presente
1088 3231 1115 3270 to

95 3294 106 3320 ί
123 3284 288 3351 Propaniso]
307 3286 347 3334 On
358 3293 461 3334 account
473 3284 500 3331 of
512 3283 575 3332 their
606 3284 649 3332 the
669 3283 769 3346 legions,
786 3284 834 3332 and
849 3293 875 3332 to
890 3285 943 3348 join
961 3285 1040 3334 hands
1056 3288 1117 3336 raith
1217 3304 1220 3308 ·

61 3350 285 3480 “lattissltt't
304 3415 374 3463 aa
393 3412 420 3463 a
438 3415 478 3463 aa
495 3429 565 3476 cn,
607 3347 736 3461 {llll}
747 3349 852 3463 ‘llll
859 3349 1116 3466 stellulae

62 3479 575 3544 Pagoaiaresuchaadonotserreintbe
607 3486 655 3526 tuo
671 3478 749 3526 hands
769 3479 862 3544 joined,
887 3482 944 3528 with
964 3482 1117 3546 inscriptions

63 3562 141 3610 army.
162 3547 195 3594 So
204 3545 230 3593 in
243 3561 314 3610 many
326 3544 438 3608 plaecsin
449 3546 488 3592 the
499 3545 575 3591 books
606 3543 656 3590 lilre
667 3544 752 3593 these:
770 3561 844 3594 arnas
856 3562 1027 3595 sxanorrvvu
1037 3565 1049 3595 ε·
1057 3562 1117 3594 con-

62 3612 90 3659 os
108 3612 151 3669 the
173 3611 283 3674 Digesta,
305 3611 353 3657 and
377 3608 529 3672 particularly
549 3609 576 3655 in
607 3623 706 3657 ooanrr
719 3624 902 3660 axaacravvu:
916 3627 1117 3660 cousrusrsnx·

64 3672 162 3740 Digest.
180 3681 222 3728 85.
240 3677 290 3724 Tit.
308 3678 334 3723 2.
353 3676 383 3722 ao
403 3674 479 3736 legem
497 3672 576 3721 Falci·
608 3687 755 3723 ancrrvvaa.

65 3740 139 3798 (liam,
149 3741 198 3804 leg.
206 3745 248 3791 96.
257 3757 288 3789 ex
297 3740 420 3788 Scaerola:
438 3738 538 3792 ‘Miles
548 3739 577 3795 si,
640 3736 652 3770 ἢ
669 3738 720 3788 Per
728 3739 858 3804 principia]
875 3741 914 3788 cb.
925 3745 966 3790 48.

66 3805 124 3854 duur
142 3821 249 3870 paganus
267 3813 326 3867 erat,
343 3804 429 3853 lecerit
448 3812 578 3850 testamen·
644 3801 722 3853 ⁸Cia.
737 3805 795 3871 cic]
820 3805 917 3861 Which,
936 3820 963 3852 as
979 3804 1061 3868 taking
1076 3807 1118 3854 tha

65 3879 124 3928 tum,
141 3871 234 3919 militia
251 3878 358 3933 tempore
376 3868 519 3925 codicillos;
539 3868 578 3916 lex
610 3867 663 3918 side
673 3868 866 3925 oi‘Viuder,barl
877 3871 938 3917 been
948 3869 1058 3936 publicly
1067 3887 1121 3934 pre.

67 3935 175 3985 Falcidia
182 3936 208 3985 in
217 3935 335 3985 codicillis
343 3935 421 3983 locum
432 3948 480 3981 non
492 3932 579 3994 habet,
612 3935 696 3983 aented
707 3935 766 3984 arith
777 3933 877 3984 retrarda
888 3935 922 3998 by
934 3932 1021 3983 Galba.

66 4002 91 4050 in
102 4009 247 4051 testamento
257 4002 338 4051 lacurn
349 3997 462 4048 babebit!
489 3998 527 4048 Aa
538 3999 580 4048 the

136 4091 196 4143 rao.
578 4087 616 4140 11.
1041 4085 1072 4133 ’ί
