2512 4372
154 185 221 269 256
482 202 516 259 c.
542 201 725 250 coaunnu
750 202 880 250 rrcrrr
993 189 1134 270 [Luc.
1151 189 1217 255 822.

198 319 253 383 58.
277 319 394 403 Igitur,
419 319 551 384 laudata
571 321 710 384 militum
733 320 909 396 alacritate,
924 319 1101 403 Vitellius,
1118 325 1215 389 minis·

155 407 237 470 teria
259 407 466 490 principatus,
489 430 547 491 per
570 407 700 471 libertos
722 408 775 490 agi
798 407 918 484 solitast¹
940 408 974 471 in
998 411 1134 494 equites
1157 410 1215 476 Ro

155 514 264 556 manos
279 494 436 576 disponit:
461 494 662 557 vacationesl
682 493 921 558 centurionibus
943 517 987 558 ex
1011 497 1092 562 fisco
1113 521 1215 562 nume

155 591 224 642 rat:
248 579 401 643 saevitiam
418 580 553 643 militnm
571 581 740 665 plerosque
756 581 796 644 ad
812 571 1213 668 poenam‘exposcentium

157 664 272 748 saepibs
288 667 453 750 approbat,
471 667 587 750 partim
602 667 803 730 simulatione
815 667 1016 731 vinculorum
1035 672 1212 737 frustratur.

157 750 332 835 Pompeius
356 753 572 837 Propinquus,
595 762 782 837 procurator
802 752 957 837 Belgicae,
982 757 1099 820 statim
1123 758 1213 822 inter·

155 839 283 903 fectus:
307 838 330 902 J
331 840 432 904 ulium
449 839 645 914 Burdonem,
671 839 870 903 Ge‘rmanicae
886 840 998 905 classis
1016 846 1210 927 praefectum,

156 934 229 989 astu
259 927 429 990 subtraxit.
474 927 651 990 Exarserat
680 927 712 989 in
743 949 816 989 eum
845 927 1015 991 iracundia
1042 932 1209 1005 exercitus,

156 1022 319 1095 tamquam
341 1014 460 1077 crimen
481 1036 518 1077 ac
538 1035 614 1076 mox
634 1013 764 1076 insidias
780 1012 915 1076 Fonteio
932 1012 1092 1098 Capitoni
1112 1022 1226 1082 strui-⁸

154 1099 243 1163 isset.
290 1098 394 1162 Grata
414 1107 484 1163 erat
503 1100 655 1163 memoria
672 1099 856 1183 Capitonis:
881 1108 915 1164 et
936 1103 1026 1185 apud
1048 1106 1210 1169 saevientes

156 1187 302 1250 occidere
325 1186 441 1268 palam,
461 1185 625 1269 ignoscere
645 1208 707 1250 non
729 1185 790 1248 nisi
810 1185 963 1266 fallendo,
985 1188 1120 1264 licebat,
1165 1189 1211 1254 Ita

156 1273 302 1336 custodia
328 1272 475 1336 habitus:
504 1281 537 1335 et
561 1281 633 1356 post
656 1272 817 1337 victoriam
844 1274 985 1348 demum,
1016 1277 1129 1341 stratis
1148 1277 1209 1361 jam

155 1360 292 1421 militum
317 1359 408 1438 odiis,
431 1357 579 1424 dimissus
602 1369 662 1423 est.
708 1358 852 1433 Interim,
875 1368 912 1422 ut
936 1360 1118 1444 piaculum,
1141 1363 1209 1447 obji-

155 1444 238 1507 citur
254 1445 397 1508 centurio
414 1443 592 1529 Crispinus,
610 1447 666 1530 qui
687 1467 721 1508 se
742 1447 895 1529 sanguine
911 1445 1083 1530 Capitonis
1105 1472 1208 1514 cruen

155 1539 300 1594 taverat:
329 1553 432 1615 eoque
458 1542 493 1597 et
519 1533 752 1617 postulantibus
778 1532 976 1597 manifestior
1003 1544 1040 1599 et
1070 1535 1233 1621 punienb'x

156 1617 337 1680 viliorfuit.

199 1703 254 1768 59.
280 1704 389 1771 Julius
411 1703 526 1774 deinde
546 1704 659 1769 Civilis
683 1704 825 1789 periculo
846 1714 1009 1782 exemtus,
1035 1717 1207 1794 praepotens

154 1789 239 1857 inter
263 1790 416 1868 BatavoS,
442 1812 482 1854 ne
506 1792 659 1874 supplicio
685 1792 755 1876 ejus
782 1793 874 1856 ferox
902 1815 981 1876 gens
1007 1795 1205 1860 alienaretur.

156 1876 203 1940 Et
225 1888 316 1940 erant
338 1878 370 1940 in
393 1877 524 1942 civitate
545 1877 727 1963 Lingonum
748 1887 820 1942 octo
837 1881 1038 1944 Batavorum
1056 1882 1205 1956 cobortes,

156 1964 415 2046 quartaedecimae
437 1962 570 2048 legionis
591 1965 723 2041 auxilia,
740 1974 808 2029 tum
824 1966 982 2030 discordia
997 1976 1207 2052 temporuma

155 2049 281 2134 legione
302 2051 472 2134 digressa:
498 2060 594 2137 prout
615 2052 829 2128 inclinassent,
851 2053 972 2136 grande
994 2064 1206 2120 momentum‘

154 2137 249 2200 sociae
270 2147 327 2202 aut
345 2136 498 2200 adversar.
545 2137 700 2212 Nonium,
719 2138 905 2218 Donatium,
922 2138 1118 2218 Romilium,
1139 2140 1204 2206 Cal·

156 2224 317 2306 purnium,
339 2225 552 2303 centuriones,
575 2226 753 2309 dequibus
778 2247 874 2311 snpra
895 2226 1096 2309 retulimus,‘
1113 2227 1206 2293 occidi

152 2310 261 2393 jussit,
292 2313 457 2374 damnatos
487 2311 562 2375 fidei
591 2312 733 2390 crimine,
764 2311 948 2396 gravissimo
978 2313 1065 2378 inter
1095 2316 1205 2379 descis-

156 2406 273 2460 centes.
302 2395 494 2461 vAccessere
521 2399 663 2481 partibus
687 2397 845 2461 Valerius·
865 2398 1039 2475 Asiaticus,
1068 2401 1204 2486 Belgica

153 2483 327 2566 provinciae
350 2483 486 2568 legatus,
502 2506 598 2568 quem
616 2506 691 2548 mox
706 2484 859 2548 Vitellius
881 2505 1037 2569 generum
1058 2488 1205 2559 adscirit;

155 2579 187 2632 et
203 2569 320 2634 Junius
338 2569 475 2646 Blaesus,
493 2569 718 2656 Lugdunensis
737 2570 854 2635 Galliae
874 2580 989 2649 rector,
1005 2595 1080 2637 curn
1097 2574 1205 2638 Italica

154 2657 303 2742 leginne‘
326 2666 359 2719 et
384 2657 435 2720 ala
453 2656 624 2730 Taurinas
641 2657 794 2742 Lugduni
817 2658 1034 2723 tendentibus.
1082 2659 1204 2733 Necin

155 2740 312 2808 Rbaeticis
327 2744 442 2826 copiisss
457 2765 555 2819 mora,
568 2745 736 2828 quominus
745 2745 854 2809 statim
864 2744 1133 2830 adjungerentur.
1155 2744 1205 2812 Ne

152 2829 185 2893 in
203 2830 372 2895 Britannia
387 2830 517 2913 quidem
532 2831 722 2895 dubitatum.

196 2918 248 2980 60.
280 2919 427 2983 Praeerat
453 2917 632 2982 Trebellius
662 2917 867 2998 Maximus*
895 2938 954 3000 per
978 2919 1149 2984 avaritiam
1174 2926 1203 2982 et

152 3006 260 3069 sordes
275 3011 453 3069 contemtus
467 3005 628 3068 exercitui
642 3005 838 3088 invisusque.
873 3002 1087 3070 Accendebat
1101 3006 1202 3070 odium

152 3088 223 3169 ejus
240 3090 377 3156 Roscius
393 3089 525 3170 Caelius,
550 3092 675 3174 legatus
691 3092 850 3154 vicesimae
871 3090 1018 3174 legionis,
1042 3093 1120 3157 olim
1141 3092 1203 3156 dis·

152 3195 232 3247 cors,
250 3178 306 3240 sed
321 3178 486 3242 occasione
504 3177 644 3242 civilium
666 3198 825 3242 armorum
845 3177 984 3240 atrocius
1006 3187 1201 3264 proruperat

150 3256 328 3327 Trebellius
356 3264 564 3328 ‘seditionem
589 3276 623 3328 et
648 3265 818 3329 confusum
841 3263 983 3326 ordinem
1009 3263 1202 3349 disciplinre’

152 3345 272 3423 Coeli03
308 3350 479 3433 ‘spoliatas
511 3361 545 3415 et
566 3351 677 3436 inopes
706 3351 864 3435 legiones’
899 3348 1020 3414 Caelius
1044 3351 1201 3416 Trebellio

179 3550 192 3575 ⁸
203 3540 255 3602 Aga·
264 3541 319 3604 sot]
338 3539 494 3607 Particularly
503 3541 579 3591 under
587 3542 659 3592 Clau·
724 3549 734 3575 ⁴
751 3541 808 3590 rear.
820 3538 880 3602 lega]
896 3538 948 3586 The
959 3539 1010 3588 first
1018 3539 1092 3591 Iulio
1103 3543 1188 3607 legion.

148 3605 261 3656 diusand
273 3605 347 3652 Nero.
719 3604 795 3656 scu
809 3606 847 3667 m]
864 3605 896 3653 So
913 3605 991 3652 called
1007 3606 1068 3654 l'rom
1086 3609 1127 3655 tbe
1142 3608 1201 3655 Tan·

179 3671 191 3705 ⁶
211 3670 361 3732 Vocatiorrer]
377 3669 416 3718 ch·
428 3673 469 3718 46.
563 3715 566 3720 ,
650 3688 651 3692 ’
690 3670 746 3725 riui,
764 3670 881 3732 ‘antiqua
898 3669 1013 3732 Ligurum
1030 3672 1125 3735 stirpe,’
1140 3673 1201 3722 rm.

178 3739 300 3789 ‘Grande
309 3734 390 3796 mom]
407 3735 438 3782 So
448 3735 529 3784 Lucan
539 3737 625 3798 speaks
633 3735 661 3784 ol
690 3736 725 3799 iii,
746 3739 785 3785 17.
803 3736 888 3783 whose
910 3735 1000 3796 capital
1024 3751 1073 3785 reu
1094 3739 1200 3802 Augen

109 3830 112 3836 ,
146 3802 225 3862 Curio,
241 3804 323 3851 wlrom
339 3802 370 3849 lre
387 3800 461 3864 finely
478 3800 606 3862 eulogises,
622 3801 655 3857 iv,
687 3800 918 3855 Taurinorum,now
932 3800 1016 3850 rma.

144 3871 203 3919 719.
236 3869 453 3929 ‘Momentumque
474 3865 529 3921 tuit,
551 3874 656 3914 mutatur
718 3874 733 3908 8
751 3865 942 3928 Rloeticircop.]
960 3865 1059 3915 secet.
1070 3870 1114 3916 68.

144 3933 227 3986 Curio.
238 3933 333 3982 rerum·
720 3930 734 3963 '⁴
752 3931 820 3981 Prot.
835 3930 883 3994 M.]
903 3929 1005 3993 ‘segnis
1021 3939 1048 3978 et
1062 3931 1136 3981 nullis
1149 3944 1196 3982 ω·

173 3997 188 4032 ὅ
203 3999 283 4063 Sapra
293 3995 429 4062 retulimus]
446 3995 487 4046 ch.
498 3999 540 4046 ⁶6.
687 4002 774 4045 trorum
784 3993 967 4062 experimentia'
982 3995 1044 4061 Agr.
1056 4000 1099 4055 lt,
