2512 4372
60 190 194 265 tutam
383 206 592 261 s-rrrrsnrurr
617 208 692 261 urs.
716 208 808 261 xrrr.
1065 190 1109 257 tll

52 334 167 413 lm
180 328 338 405 relidam,
352 330 422 393 rire
435 338 722 415 temperamentum
740 330 855 405 iuerat,
872 348 913 393 ne
927 324 1036 393 statim
1051 347 1109 391 sre-

49 415 147 481 :anst
185 414 253 481 uas
269 414 375 491 Nare,
391 416 470 481 lauti
483 416 613 481 sceleris
623 416 804 499 impatiens,
815 416 955 479 minitari
970 414 1110 489 tribuno,

55 500 168 585 labra
192 500 409 587 ‘supplicium
433 502 596 577 veneficae,
618 503 716 585 qnod,
736 504 813 565 dum
833 522 993 565 rumorem
1010 500 1112 585 respi-

50 587 156 662 aum.
180 586 257 651 dnm
288 597 404 671 purant
425 588 637 661 defensiones,
661 589 868 651 securitatem
892 586 1113 652 morarentur!

45 670 327 739 --Pmuitauuous
355 673 430 737 dein
461 682 553 738 ‘tam
582 672 780 759 praecipitem
808 692 930 749 necem,
960 693 1057 759 quam
1085 673 1113 735 si

55 758 144 823 ferro
176 760 371 845 urgeretur,¹
407 760 589 824 cubiculum
625 757 766 823 Goesaris
797 760 897 845 juxta
925 758 1114 845 decoquitur

53 845 154 920 anua,
170 846 308 929 coguitis
322 855 417 909 autea
431 847 561 909 venenis
576 846 734 929 rapidum.

92 931 154 997 lu.
170 930 246 997 Mos
261 930 450 1005 habebatur,
465 932 649 1017 Principum
668 932 794 1006 liberos,
810 952 883 995 cum
898 930 1015 995 ceteris
1028 930 1113 995 idern

42 1017 164 1083 ·=ntatis
179 1018 349 1092 nobilibus,
366 1019 514 1082 sedentes
529 1018 639 1081 vescil
657 1018 689 1081 io
705 1026 837 1103 aspectu
851 1018 1113 1103 propinquorum,

56 1104 188 1190 propriu
201 1112 237 1167 et
251 1104 394 1187 parciore
410 1124 529 1168 mensa.
570 1102 643 1167 lllic
657 1106 808 1188 epulante
824 1104 1022 1182 Britannico,
1039 1102 1117 1185 quia

57 1190 146 1257 cibos
159 1197 322 1275 potusque
335 1190 405 1274 ejas
416 1190 562 1255 delectus
573 1211 616 1254 ex
629 1191 782 1256 ministris
794 1200 892 1275 gustu
903 1189 1116 1273 explorabam

58 1296 100 1341 ne
111 1277 319 1341 omitteretur
335 1276 529 1350 institutum,
546 1286 603 1341 aut
623 1277 791 1361 utriusque
811 1287 914 1341 morte
928 1276 1117 1361 proderetur

54 1362 173 1442 matur,
189 1362 264 1425 talis
279 1362 371 1426 dolus
385 1372 532 1446 repertus
546 1372 607 1426 est.
656 1362 797 1428 Innoxia
811 1363 926 1435 adhuc,
943 1384 980 1425 ac
994 1382 1114 1445 praeca-

58 1447 134 1523 lida,
165 1456 201 1511 et
230 1448 331 1513 libata
359 1458 457 1533 gustu
486 1449 573 1531 potio
602 1450 742 1514 traditur
782 1448 991 1512 Britannico:
1030 1447 1116 1524 dein,

58 1542 231 1619 postquam
246 1534 373 1599 fervore
389 1535 630 1618 aspernabatur,
646 1535 766 1619 frigida
781 1536 812 1600 iu
828 1556 914 1618 aqua
928 1534 1118 1597 adfunditur

59 1640 231 1695 mum,
265 1621 352 1704 quod
376 1622 423 1685 ita
446 1630 577 1686 cunctos
605 1622 677 1707 ejus
702 1629 791 1685 artus
815 1621 966 1705 pervasit,
991 1628 1028 1683 ut
1052 1642 1116 1683 vox

57 1706 233 1790 peniteret
247 1707 379 1790 spiritus
392 1716 593 1792 raperentur.
637 1707 834 1791 Trepidatcr
849 1728 868 1769 a
883 1707 1116 1769 circumseden-

59 1792 158 1867 tibus,
174 1792 353 1876 diffugiunt
367 1794 595 1877 imprudentes.
623 1792 671 1856 At
683 1793 800 1878 quibus
817 1792 910 1856 altior
924 1792 1116 1865 intellectus,

57 1878 215 1943 resistunt
228 1878 340 1959 defixi,
357 1888 391 1943 et
406 1879 570 1944 Neronem
587 1880 760 1943 intuentes.
796 1878 869 1955 Ille,
886 1887 924 1943 ut
939 1888 1009 1943 erat
1023 1878 1118 1941 recli-

59 1965 123 2039 nis,
146 1973 182 2029 et
203 1965 313 2029 neseio
335 1964 457 2039 similis,
481 1966 635 2029 ‘solitum
653 1966 720 2039 ita,'
741 1966 797 2041 ait,
820 1969 903 2049 ‘per
924 1964 1117 2027 comitialem

60 2052 217 2125 morbum,
230 2072 297 2134 quo
309 2051 445 2135 primum
460 2051 500 2115 ab
515 2052 649 2117 infantia
665 2051 884 2115 adflictaretur
900 2051 1116 2122 Britannicus,

60 2146 96 2203 et
111 2138 274 2201 redituros
288 2137 440 2221 paulatim
457 2138 544 2201 visus
567 2139 762 2221 sensusque!
807 2136 856 2201 At
878 2136 1067 2221 Agrippinae
1091 2138 1118 2199 is

61 2244 169 2309 pavor,
187 2244 229 2287 ea
251 2224 465 2287 consternatio
490 2226 614 2300 mentis,
632 2223 776 2308 quamvis
793 2223 885 2287 vultu
909 2231 1116 2305 premeretur,

60 2307 205 2383 ernieuit,
223 2319 260 2373 ut
276 2309 406 2393 perinde
421 2310 565 2393 ignaram
588 2310 707 2375 fuisse'
724 2332 761 2373 ac
782 2330 922 2372 sororem
939 2308 1117 2370 Britannici

62 2392 247 2469 Octaviam,
278 2396 477 2459 constiterit:
509 2398 630 2481 quippe
659 2397 720 2461 sibi
750 2415 933 2477 supremum
964 2392 1118 2456 auxilium

63 2490 225 2565 ereptum,
253 2490 288 2543 et
316 2481 476 2564 parricidii
507 2481 689 2566 exemplum
720 2480 930 2567 intelligebat.
977 2478 1118 2543 Octavia

61 2588 206 2653 quoque,
222 2568 367 2649 quamvis
379 2567 513 2632 rudibus
528 2571 628 2648 aunis,
645 2567 797 2641 dolorem,
814 2567 992 2642 caritatem,
1009 2586 1118 2633 carries

62 2654 201 2718 affectas
225 2654 418 2717 abscondere
441 2653 609 2718 didicerat.
655 2656 708 2719 Ita
727 2662 799 2737 post
823 2656 918 2717 breve
942 2652 1114 2725 silentium,

64 2740 204 2829 repetita
219 2739 355 2802 convivii
370 2739 493 2803 laetitia.

106 2826 162 2891 17.
187 2822 265 2888 Nox
281 2825 413 2889 eadem'
427 2846 536 2889 necem
553 2825 732 2890 Britannici
747 2835 781 2889 et
803 2848 916 2910 rogum
936 2827 1115 2911 conjunxit,

62 2912 192 2995 proviso
205 2918 280 2975 ante
293 2910 421 2975 funebri
437 2921 564 2995 paratu,
581 2912 637 2995 qui
661 2914 805 2977 modicus
823 2914 896 2977 suit.
943 2913 981 2976 lu
1005 2935 1117 2998 campo

93 3130 110 3165 P
128 3118 326 3182 montarcene]
354 3118 575 3167 sacamentum
607 3133 675 3182 quar,
695 3127 836 3184 coctumque
857 3135 985 3185 venenum,
1004 3120 1117 3184 Priuigno

62 3187 83 3235 it
100 3186 213 3249 urongly
232 3185 352 3233 cubantes.
385 3183 425 3231 lle
444 3198 498 3246 says
515 3184 575 3231 lrim-
607 3182 722 3230 datumi’

64 3250 114 3299 seli
128 3251 157 3299 in
176 3250 241 3312 Aug.
257 3252 299 3297 es.
315 3248 342 3295 ol
358 3248 497 3310 Augustus:
515 3256 576 3295 ‘ne-
638 3248 726 3296 ⁴ch
745 3249 837 3312 eadem]
872 3247 955 3297 Hence
975 3251 1040 3300 what
1064 3252 1120 3303 Dio

63 3330 110 3379 que
121 3314 228 3365 maurit
237 3328 285 3361 uua
295 3312 359 3375 [curu
368 3310 521 3376 nepotibur]‚
531 3314 577 3360 nisi
608 3327 666 3376 says
677 3313 702 3359 iu
717 3313 757 3367 lsi,
770 3329 793 3375 p.
803 3318 860 3369 692,
872 3329 949 3362 seems
966 3317 1112 3381 suspicions:

62 3380 127 3429 utin
136 3379 259 3429 imolecto
269 3376 424 3425 eminerem!
450 3376 513 3424 Tha
524 3393 575 3425 wo·
608 3379 659 3425 that
672 3376 845 3426 britannicus’s
861 3378 913 3426 face
923 3396 973 3427 was
990 3381 1047 3428 livid
1061 3383 1117 3431 nith

63 3460 120 3493 men
130 3444 184 3492 also
193 3458 258 3491 were
274 3442 386 3505 formerly
398 3449 465 3490 want
482 3450 507 3489 tc
517 3443 575 3490 diua
609 3442 710 3504 poiscn;
728 3443 780 3489 that
796 3442 871 3505 Nero,
882 3451 907 3490 to
926 3444 981 3492 lade
999 3448 1025 3503 it,
1035 3445 1081 3495 had
1097 3448 1118 3495 it

65 3510 138 3558 ‘curu
158 3506 302 3555 cubantibus
317 3506 376 3554 viris
392 3505 521 3562 sedentes,'
540 3522 576 3554 we
609 3504 712 3554 covered
732 3506 792 3555 witlr
813 3507 918 3569 plasten
945 3510 989 3555 but
1010 3514 1069 3572 that,
1092 3527 1118 3559 as

63 3576 133 3623 learu
143 3573 207 3621 from
218 3572 275 3623 Val.
286 3571 352 3618 Mas.
362 3572 389 3633 ii,
402 3576 425 3625 l,
436 3584 461 3617 n.
471 3575 496 3619 2.
610 3572 652 3618 the
659 3586 742 3634 corpso
750 3572 895 3620 uascarried
903 3574 974 3635 along
983 3576 1023 3622 tl1c
1033 3576 1118 3629 farum.

97 3646 111 3681 1
127 3638 211 3687 Gustu
220 3636 371 3700 explorabat]
391 3633 523 3685 SaeonA.
535 3634 578 3697 xii,
609 3635 669 3683 such
688 3651 702 3682 a
719 3635 813 3684 shcwer
830 3637 858 3684 cf
868 3638 919 3685 raiu
938 3639 990 3699 fell,
1007 3640 1060 3686 that
1078 3642 1117 3687 tbe

63 3706 106 3753 σθ.
609 3701 709 3763 plaster,
731 3700 808 3748 whiclr
830 3717 877 3747 aas
898 3701 945 3748 still
969 3704 1050 3757 maist,
1068 3718 1119 3755 was

98 3774 112 3799 ⁹
127 3763 341 3828 Ignarcrrsuisrc]
374 3762 423 3811 She
433 3763 455 3810 is
466 3761 579 3811 declared
610 3765 710 3812 waslrad
726 3780 811 3828 away3
829 3765 876 3812 and
892 3768 944 3812 that
954 3768 995 3812 tlte
1011 3769 1084 3813 crime
1096 3768 1122 3814 of

65 3831 195 3879 consciens
212 3829 259 3876 and
276 3828 326 3893 guil
368 3828 401 3892 by
416 3827 530 3884 Juvenal,
547 3828 580 3883 vi,
612 3830 706 3892 poison,
723 3829 801 3876 which
819 3846 866 3877 was
882 3829 989 3893 publicly
1001 3832 1120 3892 ramored,

68 3894 283 3950 mahanaim
299 3894 339 3940 wit
367 3908 434 3941 more
443 3892 513 3955 spirit
523 3894 579 3940 than
611 3909 667 3942 now
677 3895 776 3943 became
786 3893 907 3942 manifest.

67 3961 145 4016 truth,
167 3959 366 4022 ‘Hippomanes,
378 3972 523 4023 carmenque
542 3958 579 4007 lo·

136 4049 195 4098 Tae·
578 4045 615 4094 II.
1039 4047 1058 4095 a·
