2512 4372
75 199 240 293 labben}
267 232 279 257 ¹-
386 221 595 276 suntcruu
629 220 711 277 css.
734 222 825 277 xnr.
1093 206 1139 273 65

77 344 249 409 eunucu
263 344 403 411 consiliis
426 348 567 433 ndop'tio,
583 356 618 412 et
642 347 868 433 proconsulare
889 346 954 431 jus,
972 352 1006 409 et
1029 342 1136 428 desig-

77 432 165 496 usuc
192 430 394 513 consolatus,
420 442 457 496 et
484 442 593 498 cetero
621 434 826 517 adipiscendo
849 431 983 514 imperio
1008 448 1138 514 prepu-

77 525 240 581 unusne
288 518 357 582 Act
378 520 509 595 existet,
536 520 593 602 qui
620 519 766 583 cobortes
797 519 830 582 iu
860 516 953 581 Urbe
982 524 1135 593 tentatus,

78 602 391 687 qbilprbvineinrnm
411 605 507 669 fidem
530 606 765 679 labefactatum,
782 604 924 687 denique
947 624 1056 667 servos
1085 603 1137 669 vel

78 688 215 753 libertos
241 691 282 753 ed
312 691 418 754 soclus
444 700 610 777 corruptos
635 700 762 775 arguat.
819 688 941 753 Vivere
966 710 1039 775 ege,
1063 686 1137 751 Bri·

80 778 211 839 unctes
226 776 371 859 potiente
384 798 504 852 rerum,
520 787 683 861 peterem:
716 788 752 841 ut
764 778 791 840 si
806 776 973 850 Plautus?
994 784 1051 838 uut
1065 774 1138 857 quis

79 861 419 944 oliuu-rempublicam
440 864 645 949 judicaturus
667 864 851 941 obtinuerit,
875 862 993 925 desunt
1015 860 1139 923 scilicet

79 946 169 1011 russi·
196 956 411 1024 accusatores,
441 951 498 1034 qui
535 971 596 1014 non
632 952 740 1025 verba,
769 948 971 1032 impatientia
997 946 1139 1010 caritatis

78 1032 256 1117 oliqunndo
271 1035 411 1110 incunte,
425 1038 481 1099 sed
503 1056 542 1100 ee
566 1037 698 1100 crimino
723 1036 883 1119 objiciant,
899 1033 1026 1119 quibus,
1043 1032 1105 1095 nisi
1119 1054 1139 1095 a
1212 1050 1220 1064 ·

78 1119 159 1194 bno,
176 1120 301 1183 absolvi
315 1140 378 1184 non
392 1123 533 1206 'possim'
571 1122 747 1186 Commotis
762 1123 817 1205 qui
834 1122 977 1197 oderunt,
988 1119 1139 1203 ultroque

78 1206 213 1288 spiritns
227 1206 301 1289 ejus
317 1209 547 1291 mitigantibus,
565 1209 782 1293 ‘colloquium
798 1206 871 1270 filii'
893 1206 1058 1291 exposcit:
1082 1204 1139 1267 nbi

79 1290 166 1354 nibil
182 1310 242 1375 pro
255 1294 446 1368 innocentia,
463 1295 556 1379 quasi
576 1295 755 1368 diffideret3
779 1314 839 1357 nec
860 1292 1029 1365 beneficiis,
1048 1292 1140 1374 quusi

80 1380 303 1461 expromunt,
316 1381 483 1454 disseruit;
500 1382 556 1443 sed
569 1382 722 1444 ultionem
735 1382 766 1443 in
779 1380 947 1454 delatores,
960 1388 994 1443 et
1009 1377 1141 1462 praemiu

80 1463 196 1528 curicis
210 1464 361 1529 obticuit.

126 1548 181 1615 22.
195 1550 410 1615 Praefecturc
436 1566 587 1615 unnonoe·
610 1550 713 1615 Fenio
737 1551 849 1624 Ruso;
876 1572 954 1615 eura
980 1551 1139 1623 ludorum,

79 1636 142 1718 qui
161 1656 185 1699 e
211 1635 342 1701 Gcesure
364 1640 569 1720 parabuntur,
586 1638 743 1703 Arruntio
759 1637 890 1712 Stellae3
920 1637 1084 1723 AEgyptus
1100 1634 1141 1699 C.

83 1721 227 1785 Balbillo
257 1724 512 1806 permittuntur!
557 1725 650 1808 Syrie
683 1724 721 1787 Ρ.
747 1725 866 1789 Anteio
896 1724 1071 1787 destinata:
1108 1730 1143 1784 et

81 1808 181 1872 scriis
200 1830 276 1871 mox
297 1811 418 1873 artibus
440 1810 560 1887 elusus,
576 1812 617 1874 ud
632 1819 827 1895 postremum
842 1811 874 1873 in
890 1808 983 1873 Urbe
997 1816 1141 1873 retentus

80 1901 143 1957 est.
189 1893 240 1958 At
270 1894 379 1960 Sileno
408 1897 600 1961 inexilium
629 1906 712 1961 ectu.
758 1896 919 1961 Calvisius
950 1916 1079 1982 quoque
1109 1904 1144 1957 et

82 2106 141 2146 now
151 2098 265 2149 'eureus
283 2101 310 2149 di
326 2100 402 2162 Burin,
420 2100 445 2147 in
465 2098 599 2163 campania
632 2099 708 2149 tollo’
724 2117 774 2151 was
791 2102 852 2150 used
866 2102 947 2151 beiorc
962 2103 986 2151 in
998 2102 1047 2151 tbis
1058 2119 1142 2153 sense:

81 2162 192 2212 snd'tbe
211 2164 331 2212 Puteolnn
351 2168 407 2228 bey.
440 2164 519 2213 There
537 2180 598 2212 were
632 2165 707 2222 A.xl,
720 2170 744 2214 1.
777 2166 838 2214 How
856 2168 1013 2232 expensively
1029 2170 1072 2215 the
1090 2166 1143 2215 Rc-

84 2232 127 2277 tbe
145 2240 208 2277 most
225 2229 338 2292 splendid
357 2230 435 2284 villus,
449 2229 497 2277 end
513 2244 599 2277 nume·
631 2244 699 2279 mens
716 2231 823 2279 adorned
840 2232 905 2280 their
920 2231 1053 2296 fishponds,
1066 2230 1143 2281 suein

81 2308 142 2342 rece
161 2293 300 2355 tiubponds,
320 2294 347 2343 oi
370 2295 453 2341 whose
474 2302 599 2357 grectness
631 2294 792 2351 Pridines.

84 2356 160 2423 Pliny
195 2358 337 2423 complains,
366 2359 435 2413 xciii,
464 2362 488 2406 2.
522 2358 601 2405 ‘Bins
664 2368 679 2392 ¹²
695 2358 812 2423 Plautus]
829 2358 957 2408 Rubellius
967 2358 1087 2409 Plautus:
1103 2362 1145 2410 cb.

84 2432 144 2471 tuuc
168 2421 256 2486 jugera
282 2422 372 2487 populo
402 2422 511 2471 llomcno
543 2423 601 2471 sctis
635 2428 674 2472 le.

84 2496 164 2543 eraut,
185 2488 294 2549 nullique
315 2488 424 2551 majorem
444 2487 542 2535 modum
563 2495 600 2535 st·
664 2488 844 2548 ⁰Praeseoturn
857 2488 970 2553 ocum]
992 2489 1018 2538 It
1035 2504 1084 2537 nes
1101 2491 1144 2539 the

85 2552 172 2611 tribuit
182 2551 329 2617 [Roruulus]
339 2570 345 2599 :
367 2568 416 2616 quo
431 2568 511 2599 seruos
521 2552 600 2599 Nero·
632 2552 745 2601 business
755 2553 782 2600 ci
789 2555 831 2601 tlte
843 2562 849 2583 ⁴
859 2553 984 2617 praelectus
994 2555 1109 2603 annonae’
1120 2565 1145 2603 to

85 2616 135 2671 nis,
148 2614 278 2665 contemtis
291 2618 364 2680 hujus
382 2616 454 2680 spatii
473 2616 601 2671 viridariis,
635 2619 689 2665 take
701 2632 755 2665 ecre
766 2620 817 2664 thes
829 2633 860 2665 no
871 2634 916 2665 one
928 2619 1016 2667 caused
1026 2621 1145 2669 strandu-

85 2680 196 2745 plscincs
212 2680 281 2744 juvat
301 2682 390 2729 bebere
407 2681 525 2745 majores:
547 2696 601 2744 grs-
633 2682 684 2729 lect
694 2681 820 2730 alteration
838 2684 862 2729 ln
877 2683 918 2731 rbe
937 2684 1018 2745 public
1038 2686 1104 2748 pricc'
1121 2686 1148 2733 ol

86 2756 199 2808 tumque,
216 2746 304 2795 sinon
319 2746 422 2809 aliquem
444 2754 470 2793 et
492 2744 602 2794 cultum:
633 2747 776 2809 provisions,
793 2764 820 2795 cr
841 2748 911 2795 mede
930 2752 997 2797 them
1018 2752 1102 2799 denset
1119 2768 1147 2798 or

86 2811 120 2861 In
140 2814 210 2866 ,tbese
227 2812 303 2872 pocds
324 2811 365 2859 she
386 2810 494 2859 Romans
516 2810 603 2874 chiefly
635 2809 747 2887 cbeupsr.
781 2812 827 2861 See
856 2812 955 2926 Ulpisn.
983 2815 1076 2878 Dignst.
1101 2815 1145 2863 lib.

86 2878 148 2941 kept
167 2874 301 2939 lampreps,
320 2877 362 2923 but
382 2885 407 2922 to
428 2875 488 2922 such
510 2890 524 2922 s
545 2872 602 2939 silly
634 2876 713 2933 xlviii,
728 2876 777 2925 Tit.
790 2882 830 2927 12.
846 2877 876 2926 de
903 2894 947 2943 ege
963 2878 1030 2929 Julic
1046 2882 1077 2929 de
1093 2880 1146 2929 An·

88 2936 253 3003 ἀφυῆ-Μ
271 2940 345 2988 Varro
362 2940 393 2987 de
410 2938 443 2987 R.
462 2937 495 2986 R.
506 2938 542 2993 iii,
561 2942 602 2995 17,
634 2954 706 2988 noun.

86 3007 174 3055 ventes
188 3020 250 3053 even
266 3006 293 3051 ni
309 3006 347 3053 his
361 3004 441 3053 tnmd
452 3004 603 3058 Hortensius,
666 3013 681 3045 Ρ
699 3008 728 3054 C.
741 3005 845 3055 Balbillo
854 3007 1039 3073 pemittustur]
1057 3009 1096 3057 On
1107 3022 1148 3057 cr·

88 3074 232 3124 rheumtor,
245 3071 296 3117 tunt
312 3072 342 3116 be
358 3070 408 3117 bsd
424 3084 451 3117 as
466 3068 538 3117 much
549 3083 603 3115 care
636 3077 711 3118 count
726 3072 753 3117 of
767 3072 808 3118 tbe
820 3070 953 3135 friendsbip
963 3074 990 3119 ot
1004 3074 1149 3138 Agrippina.

89 3135 139 3182 ‘de
151 3134 248 3195 egrotis
263 3134 377 3196 piscibus,
389 3148 460 3196 qnam
478 3134 508 3179 de
525 3132 604 3181 minus
637 3132 667 3182 C.
684 3134 802 3182 Bullrillus
818 3143 880 3195 was,
898 3152 925 3183 cs
943 3153 977 3184 ue
999 3138 1064 3185 learn
1086 3140 1146 3187 from

89 3200 230 3247 valentibus
251 3199 334 3247 serris.
368 3198 454 3262 ltaque
472 3198 551 3245 minus
569 3198 604 3244 la·
637 3198 737 3255 Seneca,
751 3203 783 3256 Q.
804 3198 862 3247 Nat.
878 3200 912 3257 iv,
929 3206 954 3250 2.
972 3204 1092 3251 ‘virorum
1103 3219 1147 3267 op·

90 3266 199 3318 berabat,
210 3277 335 3311 neservuc
348 3278 419 3326 eger,
430 3277 502 3325 quem
518 3278 604 3326 aquom
637 3262 720 3326 timus,
737 3264 762 3311 in
783 3265 846 3313 cinni
865 3264 986 3313 literarum
1006 3284 1093 3331 genere
1113 3284 1148 3317 ra·

79 3322 202 3391 trigidum
225 3327 336 3375 biberent
357 3328 394 3375 sui
418 3325 515 3389 pisces!
559 3326 604 3374 We
637 3326 760 3375 tissimus!
795 3326 840 3375 llis
857 3328 926 3389 repid
943 3332 988 3379 scil
1001 3330 1150 3399 inteEgypt

91 3395 154 3442 bave
173 3392 313 3441 mentioned
336 3392 392 3440 with
417 3394 496 3439 horror
516 3390 542 3441 in
562 3393 605 3439 tbe
638 3394 659 3438 is
685 3393 800 3440 recorded
823 3392 856 3456 by
877 3394 942 3443 Plio.
963 3396 1014 3444 xix.
1035 3398 1061 3447 in
1083 3401 1149 3461 pret.

81 3458 168 3515 ¹ns's'tu's'
181 3466 208 3505 tc
227 3456 260 3505 A.
277 3456 321 3519 xii,
337 3458 379 3513 dd,
394 3456 447 3503 thet
464 3456 544 3503 Pollio
560 3456 606 3504 ict-
639 3457 729 3512 ‘Quod
766 3457 906 3506 miraculum
936 3462 1022 3525 majus,
1053 3464 1150 3511 lterbum

91 3522 296 3585 tensdhislcmp
337 3520 605 3569 swirbbumcnblocd.
640 3520 726 3587 [linum
755 3538 784 3570 er
814 3537 861 3586 quo
888 3524 941 3573 sela
968 3526 1150 3593 conficiuntur,]

78 3586 204 3637 *nnumin
221 3586 264 3634 tbe
281 3584 312 3634 ui
324 3602 338 3633 ο
357 3586 384 3633 ol
404 3584 507 3639 Drusus,
520 3600 546 3632 es
564 3586 607 3633 ebe
640 3602 703 3647 esso,
712 3602 766 3651 quae
777 3588 903 3636 admoveat
915 3591 1047 3655 AEgypturu
1056 3592 1150 3641 ltaliae:

93 3652 231 3765 irreperet·
240 3650 271 3762 ἱῑιΙ
283 3652 328 3699 ber
343 3652 442 3709 morale,
452 3664 479 3742 sp
499 3650 544 3697 sbe
560 3664 608 3696 was
639 3650 673 3763 ip¹
682 3660 783 3729 tanturn,
795 3662 822 3699 ut
838 3651 950 3729 Galerius
965 3671 979 3730 p
990 3656 1052 3703 freto
1063 3656 1152 3731 Sicilie

82 3717 609 3849 -llll,liutadnzsdltuulsstt
641 3719 1154 3891 1³:ltlt”gbtfitlltdtut'ttlt:

81 3848 256 3910 'jus-pnrpttsr
272 3842 360 3893 lamam
379 3844 489 3892 nonnulli
509 3842 610 3898 Baulos,
640 3846 849 3910 ,curbopraeecti'
882 3846 988 3909 Intime
1004 3850 1045 3897 the
1057 3850 1154 3897 wonder

94 3913 171 3975 [baud
190 3910 275 3972 procul
293 3910 383 3973 Belin]
401 3908 481 3956 videre
498 3909 612 3971 concupi·
644 3908 740 3959 becnme
764 3910 883 3959 lessened.
917 3912 967 3959 'lhe
995 3927 1063 3959 name
1092 3931 1154 3963 nsi.-

93 3973 204 4033 serunt,'·
220 3971 285 4022 Plio.
300 3972 335 4031 i'x,
351 3978 391 4022 5³.
413 3972 467 4020 'ibe
483 3974 541 4021 verb
552 3980 612 4020 '‘ex·
646 3990 739 4022 errius
751 3974 773 4022 is
782 3975 894 4037 frequent
905 3976 931 4023 in
941 3976 1118 4040 inscriptions..
