2512 4372
93 191 164 265 affl
424 200 821 254 onconrrsmnrsorur
929 178 1150 274 [nbidlsslb.

96 326 225 397 ,solonia-
246 324 386 390 Antium·
404 322 494 398 faits
514 326 660 408 nbi-ipse
674 316 862 409 ¹generaturi
877 334 968 389 erata
987 306 1149 393 =aanivsa

99 423 195 479 natus
226 421 374 477 ‘uterum
399 412 567 495 Poppaeae'
598 414 877 476 commendaverat
905 410 990 489 Diis,
1012 424 1148 498 vottttpde

101 498 228 581 publice
254 509 459 582 susceperat;
490 498 564 582 quae
588 499 810 582 multiplicata,
836 498 1065 583 exsolutaque.
1107 500 1149 564 Et

103 585 221 647 additae
246 586 522 668 ‘supplicationes,
540 584 756 669 templumque
777 583 1012 661 Foecunditati,
1029 595 1065 650 et
1086 610 1149 651 cer·

102 684 207 737 tamen
224 672 265 734 ad
286 671 451 754 exemplar
473 669 617 735 Actiacae
640 671 840 755 religionis’⁸
861 673 1049 736 decretum:
1079 682 1090 713 ⁴
1102 685 1148 737 ut·

97 779 164 840 urie
180 757 396 821 Fortunarum
411 754 553 842 effigies'·
576 778 682 821 aureae
710 761 742 821 in
769 757 846 820 solio
868 757 1045 841 Capitolini
1063 759 1148 825 Jovis

102 844 298 908 locarentur:
329 845 487 907 ludicrum
512 844 673 919 Circense,
691 854 727 908 ut
749 843 847 908 Juliae
870 847 962 927 genti
984 849 1072 928 apud
1089 847 1147 910 Bo·

101 929 215 1009 villas,‘'
237 932 282 993 ita
297 930 443 995 Claudiae
461 930 698 1014 Domitiaeque*
719 930 804 1014 apud
821 926 957 995 Antium
970 933 1122 997 ederetur
1133 935 1148 996 τ’

100 1039 174 1100 quas
201 1019 289 1081 fluxa
309 1019 409 1088 fuere,
427 1028 576 1101 quartum
595 1018 679 1080 intra
696 1039 836 1081 mensem
851 1017 1007 1082 defuncta
1020 1020 1148 1086 infante.

102 1102 295 1187 Rursusque
331 1114 453 1166 exortae
492 1103 699 1176 adulationes,
740 1104 938 1168 censentium
981 1106 1146 1171 ‘bonorem

98 1190 196 1279 dirae,
212 1202 246 1253 et
268 1189 424 1273 pulvinar,
442 1190 608 1273 sedemque
627 1200 661 1253 et
685 1191 905 1254 sacerdotem'
951 1191 1067 1276 Atque
1086 1193 1147 1278 ipse

99 1290 137 1341 ut
153 1277 286 1355 laetitiae,
303 1277 347 1338 ita
367 1277 513 1339 moeroris
534 1277 721 1340 immodicus
743 1277 822 1361 egit.
865 1276 1072 1344 Adnotatum
1092 1286 1145 1353 est,

100 1353 187 1428 broni
214 1370 325 1426 senatu
341 1362 477 1426 Antium
503 1364 561 1426 sub
588 1373 747 1427 recentem
769 1371 897 1446 partum
919 1364 1036 1442 effuso,
1051 1366 1146 1431 Thra·

100 1471 185 1515 seam
210 1448 411 1532 prohibitum,
428 1449 558 1512 immoto
582 1449 695 1523 animo,
718 1452 928 1531 praenuntiam
958 1451 1145 1519 imminentia

100 1536 197 1600 caedis
227 1535 449 1599 contumeliam
480 1535 656 1618 excepisse.
711 1535 862 1599 Secutum
893 1536 1013 1605 dehinc
1044 1560 1145 1611 vocem

101 1621 238 1687 Caesaris
268 1623 386 1696 ferunt,
417 1644 491 1706 qua,
520 1622 779 1688 ‘reconciliatum
808 1645 842 1686 se
866 1622 1045 1701 'Thraseam’
1068 1628 1145 1712 apud

101 1707 258 1777 Senecam
291 1711 473 1792 jactaverit,
517 1731 554 1772 ac
589 1711 744 1774 Senecam
784 1708 905 1773 Caesari
944 1714 1146 1794 gratulatum.

100 1794 198 1861 Unde
213 1796 313 1880 gloria
328 1797 468 1880 egregiis
483 1795 558 1858 viris
573 1805 606 1859 et
621 1796 763 1879 pericula
779 1796 967 1880 gliscebant.

143 1883 197 1947 24.
222 1881 314 1944 Inter
328 1904 413 1965 qum,
431 1883 513 1944 veris
535 1883 701 1966 principio,
725 1883 823 1966 legati
849 1881 1045 1950 Parthorum
1064 1906 1145 1951 matr·

101 1970 178 2032 data
200 1970 284 2051 regis
300 1967 479 2051 Vologesis,
495 1968 666 2052 literasque
687 1970 717 2031 in
742 1970 886 2033 eamdem
907 1970 1045 2035 formam
1068 1982 1147 2038 attu-

95 2056 185 2120 lere:
212 2059 278 2120 ‘se
299 2056 413 2138 priora,
435 2065 469 2118 et
489 2057 604 2118 totiens
620 2055 754 2139 jactata,
777 2078 873 2139 super
894 2057 1072 2124 obtinenda
1090 2060 1144 2125 At·

100 2143 215 2216 menia,
240 2164 325 2205 nunc
347 2143 508 2218 omittere,
532 2148 680 2224 quoniam
706 2140 773 2216 Dii,
798 2143 944 2225 quamvis
971 2147 1147 2229 potentium

100 2229 289 2314 populorum
315 2230 435 2302 arbitri,
462 2228 691 2311 possessionem
715 2227 854 2302 Parthis,
882 2251 944 2292 non
966 2232 1041 2299 sine
1064 2233 1147 2318 igno·

100 2317 200 2381 minia
224 2314 380 2389 Romana,
403 2314 619 2378 tradidissent.
666 2314 784 2398 Nuper
806 2315 950 2379 clausum
973 2317 1147 2403 Tigranem

101 2414 173 2486 post
188 2402 316 2466 Paetum
331 2401 548 2484 legionesque,
565 2398 831 2485 cum'oppr'imere
846 2412 965 2485 posset,
978 2404 1148 2471 incolumes

101 2489 267 2555 dimisisse.
315 2487 401 2552 Satis
423 2489 631 2572 approbatam
652 2490 733 2553 vim:
758 2490 868 2553 datum
885 2497 918 2552 et
938 2489 1082 2557 lenitatis
1096 2513 1146 2557 ex-

102 2731 143 2776 her
155 2710 250 2776 mother
259 2726 362 2789 Poppaea
372 2725 423 2773 also
431 2725 550 2789 Auguste.
579 2724 608 2772 ln
674 2722 772 2775 *Fore
791 2724 845 2790 effi]
873 2727 908 2776 Ol
924 2727 967 2777 tbe
986 2729 1079 2781 Antinn
1097 2731 1149 2795 god.

99 2794 150 2842 tbis
160 2807 218 2856 year
228 2807 279 2838 was
290 2790 399 2852 starnped
413 2789 455 2837 the
472 2790 526 2837 coin
544 2805 609 2837 ruen-
642 2787 724 2837 desses
735 2791 762 2838 oi
771 2790 883 2849 Fortuna,
895 2793 937 2840 thc
950 2792 1040 2861 Happy
1050 2795 1098 2845 end
1111 2799 1149 2847 the

101 2858 183 2906 tioned
205 2857 235 2919 by
256 2855 372 2907 Harduin,
390 2855 478 2902 Select.
500 2854 565 2916 Opp.
583 2871 608 2917 p.
641 2854 792 2916 Equestrian,
811 2858 886 2905 under
904 2860 987 2906 whose
1011 2860 1098 2925 benign
1116 2862 1150 2911 in-

101 2927 158 2973 ⁷2³.
191 2927 270 2971 nean
303 2926 413 2969 KnA‘rA.
447 2923 611 2975 ΣΕΒΑΣΤΟΣ,
644 2920 837 2969 fluenceNero's
854 2923 974 2986 daughter
990 2925 1113 2990 appeared
1128 2938 1151 2975 to

101 2986 312 3036 ‘NeroClaudius
329 2983 485 3048 Augustus:'
501 2984 612 3032 tlrelread
643 2982 674 3032 be
695 2985 763 3033 born.
805 2987 857 3034 Tbe
879 2989 1020 3037 venerarios
1040 2992 1069 3041 ot
1087 2995 1152 3042 these

101 3052 218 3101 radiated.
251 3051 289 3098 On
313 3050 354 3098 the
376 3051 486 3114 opposite
511 3049 562 3097 side
589 3051 611 3097 is
643 3048 773 3111 goddesses
788 3051 810 3098 is
827 3052 883 3103 rrell
900 3054 999 3102 known.
1018 3054 1151 3109 Second.

103 3123 242 3168 nonnam
258 3120 403 3179 ΣΕΒΑΣΤΗ,
421 3115 543 3178 ‘Poppae
558 3115 610 3163 Au·
643 3114 787 3168 iii,t1.and
804 3117 879 3180 Vulp.
895 3116 974 3167 Vetus
989 3119 1095 3179 latinu,
1107 3122 1152 3175 aab

103 3182 189 3247 gusta!
207 3198 231 3229 ι.
243 3197 275 3228 n:
293 3181 341 3229 ‘ln
359 3183 399 3228 tbe
416 3180 486 3229 tenth
501 3180 613 3245 year'ol
643 3177 679 3235 iii,
698 3195 723 3243 p.
739 3185 780 3229 98.
798 3180 843 3230 &c
862 3182 913 3230 rrho
928 3183 1042 3235 rketcbes
1059 3187 1103 3236 tlte
1119 3200 1151 3245 ro·

104 3251 143 3295 the
153 3246 221 3311 reign
232 3246 259 3293 ol
267 3245 290 3293 N
292 3261 341 3293 ero.
646 3243 721 3293 mains
730 3246 758 3293 ol
766 3246 826 3293 their
835 3248 934 3311 temple.

131 3310 148 3356 s
161 3311 329 3376 Antiumsrrit]
355 3309 422 3358 Now
435 3309 611 3372 Copcd’rlnzo.
676 3306 823 3374 ¹Bcoillus]
857 3311 908 3362 Tire
933 3312 1039 3366 Bovius
1061 3332 1103 3367 m
1120 3316 1153 3367 ss·

103 3378 142 3426 On
152 3379 192 3425 the
204 3376 302 3439 colony,
312 3391 353 3423 see
365 3376 396 3423 Α.
408 3376 458 3432 xiv,
470 3380 510 3428 21.
645 3377 719 3439 ready
738 3376 875 3425 mentioned
894 3377 920 3425 in
945 3379 980 3428 A.
1000 3380 1032 3443 ii,
1051 3386 1095 3435 41.
1112 3381 1153 3431 bet

134 3442 196 3492 rA.
218 3441 355 3504 religionis]
389 3442 455 3487 Suet.
482 3442 547 3505 Aug.
570 3442 611 3489 18.
645 3440 764 3488 norwith
785 3441 1052 3511 sufficiantaceutacy.
1088 3446 1153 3511 'step

103 3508 178 3569 ‘Quo
189 3506 296 3555 Actiaca
307 3505 410 3553 victorie
423 3506 534 3553 memoria
550 3504 612 3553 cele·
643 3519 705 3552 were
723 3519 754 3552 on
770 3506 813 3554 the
833 3507 930 3570 Appiam
947 3509 1016 3572 rond,
1031 3523 1073 3561 ren
1087 3512 1154 3561 nitu

103 3574 192 3622 brutior
209 3573 231 3619 in
252 3578 373 3633 posterum
389 3579 463 3633 esset,
474 3572 556 3618 urbem
568 3568 612 3617 Ni·
643 3569 703 3617 irem
715 3569 801 3618 Rome.
826 3571 905 3621 Tlrsre
915 3587 954 3621 are
966 3574 1154 3627 tmusonis·

103 3638 205 3703 eupolim
223 3650 235 3683 a
255 3634 285 3682 ud
306 3633 402 3682 Actium
424 3634 533 3683 condidit
548 3634 613 3699 [Aa
643 3634 1154 3700 olthernatill,exteudingtotbeinnulld

102 3702 217 3771 gusturJ:
235 3650 353 3763 lbdosque
364 3700 415 3747 illic
423 3700 613 3764 quinquennales
645 3699 662 3747 1'
670 3698 766 3748 Osterin
777 3701 841 3748 delle
857 3700 1008 3753 Frutocetrie.
1035 3707 1082 3757 See
1099 3708 1154 3759 eu·

103 3768 242 3825 constituit3
260 3774 294 3821 et,
310 3765 424 3827 ampliato
440 3777 521 3812 verere
535 3765 612 3825 Apol·
642 3763 721 3813 radin.
734 3761 925 3823 Vatuertium,
936 3768 985 3816 rol.
995 3768 1025 3831 ii,
1035 3787 1061 3834 p.
1074 3774 1130 3823 tut.

104 3834 161 3884 linis
172 3832 271 3893 templo,
282 3830 360 3879 locum
375 3838 517 3891 castrorum,
527 3829 612 3892 quibus
676 3827 688 3861 ²
707 3831 745 3879 CI.
769 3831 941 3895 nominaque]
963 3832 1032 3885 Nero
1051 3852 1103 3887 m
1123 3836 1155 3901 hy

98 3885 181 3949 'iamt
192 3913 256 3953 nans,
268 3905 408 3971 exorastum
423 3895 613 3979 navalibuanapo·
645 3892 704 3942 birtlr
716 3895 745 3943 ol'
760 3892 802 3971 tlte
821 3895 953 3973 Domitian,
964 3899 996 3966 by
1006 3899 1157 3968 {deprimi

102 3963 151 4028 ttti,
164 3962 281 4029 Neptuno
291 3976 320 4011 tc
330 3960 405 4010 Marti
416 3967 571 4010 comment.
644 3961 685 4009 tbe
696 3956 814 4011 Clrutlran
824 3961 919 4029 tamn.
