2512 4372
54 192 204 278 noco]
368 207 574 271 annuerunt
600 210 675 259 cern.
700 210 784 260 xvr.
1043 192 1110 261 213

56 349 187 402 annum,
204 349 307 411 nuper
326 328 441 392 marito
467 326 577 391 Annio
601 327 748 393 Pollione
774 331 808 392 in
830 328 983 394 exilium*
1004 329 1107 415 pulso,

57 415 192 478 viduata
214 415 439 499 desolataqne3
468 436 504 479 ac
522 436 562 477 nc
575 423 699 498 patrem
714 415 842 498 quidem
860 417 999 493 intuens,
1010 416 1109 503 cujus

58 522 207 565 onerasse
222 501 365 584 pericula
380 501 560 564 videbatur.
1002 511 1005 520 “

103 588 156 652 31.
180 587 265 651 Tum
287 589 504 671 interrogante
527 595 722 668 accusatore,
747 595 812 652 ‘an
826 585 952 653 cultus‘
973 588 1106 664 dotales,
1186 635 1188 640 -

60 696 102 738 an
128 675 306 739 detractum
333 669 449 739 cervici
475 673 591 739 monile
615 695 729 739 venum
753 672 905 749 dedisset,
925 696 990 758 quo
1010 696 1109 759 pecu·

59 760 146 824 niam
182 761 336 825 faciendis
372 761 502 843 magicis
541 759 639 825 sacris
676 760 922 825 contrahereti'
971 761 1108 845 primum

31 903 33 908 .
60 856 162 911 strata
191 848 290 926 humi,
316 848 476 931 longoque
501 847 579 912 fletu
604 854 638 911 et
667 846 803 923 silentio,
827 855 911 931 post,
934 847 1046 912 altaria
1075 859 1109 912 et

59 937 169 1001 mans*
190 934 377 1018 complexa;
404 933 565 1006 ‘Nullos'
586 933 702 1018 inquit,
727 933 860 1018 ‘impios
886 933 986 1012 Deos,
1007 934 1109 999 nullas

60 1021 257 1099 devotiones,
275 1043 332 1085 nec
356 1020 441 1085 aliud
465 1020 647 1086 infelicibus
671 1021 817 1105 precibus
839 1020 996 1096 invocavi,
1012 1041 1109 1104 quarn

59 1116 99 1170 ut
114 1107 197 1171 hunc
213 1107 368 1190 optimum
383 1116 508 1190 patrem
522 1115 570 1183 tu,
587 1108 707 1182 Caesar,
723 1129 790 1188 voc,
805 1115 923 1192 patres,
939 1108 1109 1172 servaretis

60 1193 260 1258 incolumem.
307 1193 361 1258 Sic
379 1215 531 1277 gemmas,
546 1204 580 1258 ct
596 1204 710 1268 vestes,
734 1203 769 1259 et
783 1194 948 1279 dignitatis
971 1195 1110 1276 insignia

59 1280 146 1354 dedi,
162 1281 373 1363 quomodosi
388 1281 572 1364 sanguinem
587 1289 622 1346 et
638 1282 736 1345 vitam
749 1281 976 1366 poposcissent.
1009 1279 1110 1344 Vide·

60 1367 125 1429 rint
140 1367 204 1441 isti,
221 1367 355 1431 antehac
371 1366 449 1430 mihi
463 1367 577 1450 ignoti,
594 1390 662 1450 quo.
680 1369 806 1432 nornine
830 1368 905 1444 sint,
920 1389 1000 1451 quas
1024 1376 1111 1431 artes

58 1462 249 1518 exerceant:
274 1453 361 1517 nulla
377 1454 454 1518 mihi
471 1453 631 1536 Principis
647 1454 774 1527 mentio,
789 1455 850 1518 nisi
872 1454 956 1518 inter
979 1455 1110 1517 numina

59 1540 134 1607 fuit.
180 1538 296 1604 Nescit
318 1550 423 1604 tamen
444 1540 639 1604 miserrimus
663 1547 775 1624 pater:
804 1550 849 1620 et,
866 1542 894 1605 si
914 1541 1032 1604 crimen
1048 1550 1108 1616 est,

60 1625 128 1690 sola
142 1625 286 1709 deliqui?
315 1683 318 1688 .
899 1692 906 1713 ι,

101 1711 354 1796 obloquentis
385 1714 490 1778 adhuc
519 1715 618 1777 verba
648 1712 772 1797 excipit
808 1710 959 1785 Soranus,
988 1713 1110 1794 procla·

58 1808 209 1883 maique:
248 1804 332 1864 ‘non
361 1800 447 1864 illam
472 1799 506 1863 in
536 1799 750 1883 provinciam²
782 1819 890 1862 secum
919 1798 1107 1882 profectam,

58 1907 122 1950 non
139 1886 285 1950 Plautom
300 1908 357 1970 per
382 1895 510 1951 aetatem
532 1886 621 1950 nosci
647 1886 809 1970 potuisse:
838 1906 901 1948 uon
925 1884 1110 1949 criminibus

58 1971 188 2037 mariti·
209 1993 405 2036 connexam:
437 1974 544 2038 nimioe
568 1980 694 2037 tantum
716 1971 845 2057 pletatis
870 1991 957 2035 ream
983 1991 1113 2056 separa··

60 2067 152 2132 rent;
180 2068 277 2143 atque
293 2060 362 2143 ipse
377 2081 615 2144 quemcumque
630 2068 746 2123 sortem
764 2057 907 2122 subiret?
951 2055 1055 2120 Simul
1077 2058 1111 2120 in

58 2144 226 2228 amplexus
249 2146 444 2210 occurrentis
467 2145 541 2210 filice
568 2146 691 2219 ruebat,
717 2145 776 2209 nisi
800 2144 959 2228 interjecti
983 2142 1110 2208 lictores

57 2233 204 2314 utrisque
241 2233 445 2296 obstitissent.
506 2232 587 2297 Mox
621 2234 717 2296 datus
755 2231 890 2295 testibus
919 2229 1027 2293 locus:
1064 2239 1108 2301 et,

58 2326 214 2402 quantum
245 2318 470 2382 misericordiae
498 2318 624 2382 saevitia
654 2316 863 2390 accusationis
895 2328 1109 2400 permoverat,

59 2413 183 2468 tantum
213 2405 269 2468 irae
305 2405 346 2469 P.
377 2403 555 2489 Egnatium
592 2403 684 2468 testis
713 2402 862 2467 concivit.
920 2402 1030 2468 Cliens
1059 2401 1110 2465 hic

57 2491 185 2570 Sorani,
207 2499 241 2554 et
265 2500 340 2556 tunc
359 2501 471 2563 emtus,
486 2492 525 2555 ad
553 2490 795 2575 opprimendum
823 2487 973 2563 amicum,
1000 2497 1111 2552 aucto·

57 2576 187 2654 ritatem
204 2576 326 2656 Stoicae,
337 2587 433 2642 sectae
449 2576 778 2661 praeferebat,·babitu
802 2585 837 2640 et
860 2596 915 2639 ore
937 2576 978 2640 cd
1004 2575 1113 2658 expri-

57 2665 205 2727 mendam
242 2664 414 2748 imaginem
451 2663 576 2729 honesti
611 2663 785 2740 exercitus,
824 2670 968 2725 ceterum
1007 2661 1112 2725 animo

57 2750 256 2834 perfidiosus,
287 2751 449 2829 subdolus,
481 2751 649 2814 avaritiam
678 2758 713 2812 et
741 2748 905 2812 libidinem
934 2749 1109 2813 occultans.

58 2833 142 2916 Quae
180 2847 348 2920 postquam
376 2837 512 2927 pecunia
538 2837 665 2901 reclusa
690 2843 776 2915 sunt,
807 2835 896 2900 dedit
925 2833 1109 2919 exemplum

57 2924 297 3009 praecavendi,2
317 2921 684 3010 ,quomodosfraudibus
707 2920 868 2986 involutos
896 2929 953 2985 aut
981 2920 1112 3006 flagitiis
1139 2952 1149 2968 ·

90 3105 103 3140 Ι
122 3107 152 3155 In
162 3105 232 3170 exio]
247 3105 295 3154 For
304 3105 464 3170 conspiracy:
481 3103 514 3153 Α.
525 3118 567 3161 xv,
599 3101 677 3152 orites
698 3101 861 3176 indignantly,
872 3102 918 3159 liii,
940 3105 997 3151 115.
1028 3101 1113 3153 ‘Audi

56 3175 97 3222 ⁷1.
131 3171 209 3219 Pollio
229 3187 280 3219 was
294 3171 373 3219 rather
388 3171 567 3235 aspersedtban
599 3168 691 3217 lacinus
702 3183 799 3231 majoris
814 3167 909 3217 abolla.
941 3167 1033 3216 Stoicus
1049 3169 1114 3217 occi·

56 3235 193 3293 convicted,
600 3232 636 3293 dit
657 3233 758 3280 Baream
771 3231 876 3281 ·,delatcr
900 3233 1013 3295 amicum,
1032 3232 1112 3283 Disci-

58 3368 64 3378 ·
90 3300 99 3335 ¹
115 3301 156 3352 An
170 3299 205 3364 c]
222 3300 263 3350 An
279 3300 316 3348 ior
331 3298 448 3361 ‘aunon’
470 3298 516 3386 See
536 3297 569 3347 A.
600 3298 730 3361 polumque
741 3311 825 3356 senex,
836 3295 886 3372 ripe
896 3297 1001 3361 nutritus
1017 3296 1043 3355 iu
1057 3298 1113 3374 ills,

56 3370 173 3480 Ιιν’13511011
181 3434 205 3480 el
215 3430 294 3495 nrum]
306 3429 342 3477 Oi
350 3429 434 3480 Venus
445 3427 569 3485 Genetrix,
602 3361 723 3476 initii&
733 3360 968 3488 geoergiiiii‚dleiip⁸a
984 3371 1023 3410 est
1039 3376 1113 3427 pum·

57 3499 83 3546 iu
100 3497 182 3544 whose
195 3495 284 3558 temple
295 3495 337 3542 the
348 3504 430 3543 saneto
443 3494 500 3541 theu
511 3485 577 3556 was,
631 3500 647 3534 Ρ
663 3493 773 3555 Exempl.
783 3491 897 3556 wacon]
916 3490 984 3540 After
995 3492 1037 3539 the
1047 3489 1114 3543 vices

58 3565 85 3610 as
96 3562 117 3610 is
129 3561 194 3610 clear
203 3560 264 3608 from
275 3561 313 3608 ch.
325 3563 366 3609 27.
602 3557 631 3605 of
646 3557 687 3604 tbe
705 3554 833 3618 perfidious
844 3555 919 3604 client
929 3572 989 3605 vvere
1000 3554 1112 3604 revesled

68 3619 73 3626 ’
90 3624 99 3658 ¹
115 3627 186 3676 [llum
205 3627 232 3700 in
247 3624 297 3701 pp]
313 3624 385 3699 'Tbat
402 3621 502 3699 §ervilia
520 3621 570 3670 had
602 3622 634 3685 by
650 3621 756 3688 bribery,
773 3623 802 3669 be
819 3635 878 3685 gave
897 3637 911 3668 s
928 3621 1010 3669 lessou
1028 3627 1055 3693 ²⁰.
1069 3619 1111 3666 the

57 3687 491 3817 ¹3⁰5·giiirllhvillllli‘illttn.
602 3686 907 3814 ltlnlttl‘tllt
925 3691 1112 3812 tzit‘ll‘li

90 3829 104 3852 ¹·
123 3820 209 3870 illuviei
240 3817 333 3866 Annine
346 3818 431 3868 Pollio.
601 3816 628 3864 oi
635 3815 731 3882 cantion
742 3818 819 3866 astho
830 3816 920 3880 openly
930 3813 1062 3879 profligate.

89 3892 101 3918 ⁰
118 3886 152 3935 P.
166 3884 306 3957 Egnatiusl
319 3883 355 3932 Of
371 3883 448 3930 wlrom
467 3877 569 3928 Juvenal
637 3886 640 3892 “
