2512 4372
94 177 138 242 30
423 191 455 238 o.
482 187 665 239 canusini
691 184 820 237 rncmr
926 173 1055 258 [nuc.
1076 172 1151 239 sut.

99 310 249 377 simulata
277 311 429 374 adversus
460 318 583 393 patrem
617 309 785 383 discordia,
817 318 979 393 tamquam
1008 322 1153 389 novercae

99 400 180 464 odiis
196 399 306 481 impar,
323 398 428 481 pergit
443 397 483 459 ad
503 404 672 479 patruum:
698 395 865 480 multaque
885 397 925 460 ab
945 418 984 460 eo
1005 397 1156 461 comitate

101 488 133 548 in
159 484 297 566 speciem
321 484 456 547 liberum
480 483 596 555 cultus,
619 482 771 566 primores
790 481 1017 547 Armeniorum
1040 480 1081 547 ad
1104 505 1155 546 res

102 593 200 643 novas
215 571 327 645 inlicit,
343 572 454 652 ignaro
469 579 501 631 et
517 578 649 632 ornante
664 570 794 652 insuper
810 569 1015 633 Mithridate.

145 659 199 720 45.
228 656 508 722 Reconciliationis
532 655 639 738 specie
665 657 822 736 adsumta,
845 677 1010 740 regressus
1036 656 1077 720 ad
1102 678 1157 739 pa·

104 755 196 820 trem,
231 754 328 828 ‘quae
363 745 477 807 fraude
504 741 617 805 confici
643 743 817 825 potuerint,
845 743 986 826 promta’
1016 745 1158 818 nuntiat,

106 842 239 895 ‘cetera
267 831 362 894 armis
386 830 612 913 exsequenda!
657 829 791 892 Interim
819 829 1054 894 Pharasmanes
1084 830 1160 894 belli

105 940 218 983 causas
242 918 412 999 contingit:
442 915 625 999 ‘praelianti
651 915 711 979 sihi
736 916 887 980 adversus
917 937 1025 998 regem
1058 915 1159 981 Alba·

106 1027 231 1078 norum,
248 1017 282 1068 et
302 1005 464 1068 Romanos
485 1001 606 1066 anxilio
626 1003 764 1082 vocanti,
781 1003 913 1066 fratrem
931 1004 1159 1078 adversatum

106 1113 242 1176 eamque
271 1091 420 1174 injuriam
450 1090 578 1152 excidio
607 1089 714 1173 ipsius,
736 1090 839 1152 ultum
865 1090 1012 1153 iturum!
1055 1090 1160 1154 Simul

106 1200 238 1263 magnas
260 1178 367 1259 copias
386 1176 453 1240 filio
475 1175 619 1240 tradidit.
665 1175 727 1239 Ille
748 1175 928 1265 inruptione
948 1177 1055 1240 subita
1070 1178 1161 1241 terri·

106 1275 186 1338 tum,
199 1273 400 1347 exutumque
412 1264 530 1346 campis
545 1261 767 1337 Mithridaten,
779 1262 932 1346 compulit
946 1263 978 1326 in
991 1263 1160 1328 castellum

110 1350 279 1424 Gorneas,³
304 1360 408 1414 tutum
433 1350 502 1413 loco
528 1370 564 1411 ac
589 1349 738 1433 praesidio
757 1350 904 1423 militum,
925 1351 1019 1433 queis
1040 1348 1161 1414 Caelius

109 1437 215 1503 Pollio
233 1437 417 1520 praefectus,
438 1437 581 1499 centurio
601 1436 773 1519 Casperius
792 1445 939 1520 praerat.
984 1435 1082 1501 Nihil
1097 1443 1162 1500 tam

109 1525 254 1607 ignarum
277 1525 425 1597 barbaris,
446 1544 542 1607 quam
561 1523 813 1586 machinamenta
833 1532 868 1586 et
887 1530 976 1586 astus
995 1544 1161 1608 oppugna·

112 1612 255 1674 tionum:
288 1621 321 1672 at
338 1611 427 1673 nobis
446 1631 485 1672 ea
506 1630 579 1695 pars
594 1609 715 1674 militiae
731 1610 870 1673 maxime
887 1630 987 1693 gnara
1001 1618 1065 1673 est.
1110 1608 1162 1672 lta

112 1697 353 1770 Rhadamistus‚
374 1697 494 1761 frustra
514 1697 564 1759 vel
591 1717 663 1758 cum
685 1697 799 1760 damno
820 1697 951 1759 tentatis
976 1696 1161 1760 munitioni·

111 1786 180 1857 bue,
198 1784 354 1847 obsidium
378 1783 511 1866 incipit:
544 1795 577 1846 et
595 1804 667 1845 cum
686 1783 734 1845 vis
749 1783 977 1867 negligeretur,
994 1783 1162 1846 avaritiam

110 1871 283 1954 praefectic
305 1879 494 1949 emercetur,
517 1870 696 1932 obtestante
712 1867 879 1953 Casperio,
899 1890 940 1932 ne
961 1868 1068 1932 socius
1090 1889 1161 1943 rex,

110 1979 151 2020 ne
175 1957 340 2032 Armenia,
365 1958 482 2020 donum
508 1955 619 2038 populi
646 1955 795 2031 Romani,
822 1956 941 2020 scelere
967 1963 1000 2018 et
1027 1957 1163 2040 pecunia

111 2052 322 2107 verterentur.
355 2042 532 2116 Postremo,
546 2044 623 2125 quia
637 2043 874 2106 multitudinem
891 2041 1030 2106 hostium
1046 2041 1162 2116 Pollio,

107 2133 198 2216 jussa
224 2129 324 2213 patris
355 2129 583 2193 Rhadamistus
611 2130 838 2206 obtendebant,
866 2138 979 2214 pactus
1005 2129 1163 2203 inducias,

112 2217 274 2291 abscedit;
297 2225 335 2280 ut
349 2217 409 2280 nisi
424 2216 662 2281 Pharasmanen
677 2216 761 2280 bello
776 2215 1009 2290 absterruisset,
1027 2213 1069 2280 C.
1082 2213 1163 2280 Um·

111 2305 245 2369 midium
259 2303 482 2384 Quadratum’⁸
495 2303 663 2385 praesidem
680 2303 782 2388 Syrioe
794 2304 934 2378 doceret,
950 2323 1015 2386 quo
1031 2302 1064 2366 in
1079 2311 1166 2366 statu

111 2392 274 2456 Armeniae
289 2393 405 2456 forent.

154 2479 208 2542 46.
234 2478 392 2564 Digressu
412 2475 618 2552 centurionis,
635 2477 725 2540 velut
745 2475 878 2539 custode
896 2474 1064 2539 exsolutus
1085 2496 1166 2560 prte-

111 2566 228 2639 sectus,
249 2565 368 2630 hortari
389 2564 601 2628 Mithridaten
627 2564 667 2626 ad
691 2563 895 2627 sanciendum
919 2562 1164 2638 foedns;.‘con-

107 2652 307 2735 junctionem
334 2652 480 2726 fratrum,
506 2673 543 2714 ac
570 2650 706 2735 priorem
733 2659 830 2713 aetate
854 2648 1106 2726 Pharasmanen,
1132 2658 1166 2711 et

112 2747 222 2800 cetera
237 2738 506 2801 necessitudinum
522 2736 666 2800 nomina'
684 2736 837 2808 referens,
855 2735 963 2819 ‘quod
981 2734 1079 2799 filiam
1094 2734 1164 2820 ejus

112 2824 143 2887 in
160 2823 360 2887 matrimonio
375 2823 523 2895 haberet;
547 2825 632 2906 quod
652 2822 720 2906 ipse
736 2822 948 2887 Rhadamisto
964 2843 1055 2886 socer
1068 2831 1165 2886 esset.

115 2909 192 2973 Non
215 2911 353 2973 abnuere
374 2931 485 2994 pacem
507 2909 628 2985 lberos,
653 2930 845 2994 quamquam
867 2910 899 2972 in
924 2917 1067 2993 tempore
1089 2907 1166 2972 vali·

114 2992 238 3074 diores3
256 3007 289 3060 et
300 2997 377 3060 satis
392 2996 552 3081 cognitam
564 2995 788 3061 Armeniorum
804 2995 987 3080 perfidiam:
1004 3015 1063 3058 nec
1078 2993 1167 3058 aliud

114 3083 267 3167 praesidii,
283 3104 379 3167 quam
394 3082 559 3149 castellum
574 3091 752 3148 commeatu
768 3103 923 3165 egenum:
948 3100 988 3145 ne
1003 3081 1167 3146 dubitaret

114 3171 210 3233 armis
226 3170 406 3235 incruentas
422 3170 618 3235 conditiones
634 3170 768 3236 malle.'⁰
795 3168 977 3233 Cunctante
989 3169 1030 3232 ad
1046 3189 1085 3232 ea
1102 3167 1167 3231 Mi-

114 3256 266 3332 thridate,
288 3268 321 3321 et
340 3259 495 3344 suspectis
517 3257 662 3341 praefecti
682 3256 830 3335 consiliis,
847 3257 932 3340 quod
956 3255 1102 3340 pellicem
1119 3276 1167 3317 re-

147 3465 300 3515 ⁸Curtellum
320 3465 442 3529 Gorneas]
469 3464 531 3512 That
549 3464 624 3514 carde
656 3463 790 3529 ριαόρεινά.

114 3548 161 3577 was
173 3530 277 3578 situnted
289 3531 398 3578 between
414 3530 456 3576 the
468 3530 588 3578 fountuina
599 3529 629 3578 os
689 3537 707 3562 ⁸¹
725 3529 853 3606 Praefecti]
872 3529 961 3578 Caeliur
972 3527 1060 3578 Pollio.

114 3597 262 3644 theArnxes
276 3594 322 3642 aud
338 3595 624 3658 theEuphrates‚tothe
688 3603 703 3628 ⁸
721 3597 750 3645 C·
766 3596 913 3644 Ummidium
928 3593 1091 3657 Quadratum]
1124 3592 1169 3641 llis

114 3662 200 3709 eustos
207 3661 328 3707 Artaxata.
343 3659 414 3707 Some
424 3661 492 3706 think
503 3659 624 3709 thutGor·
656 3674 726 3709 name
753 3660 774 3707 ir
802 3661 896 3725 greatly
919 3658 1047 3724 corrupted
1073 3660 1099 3708 in
1126 3659 1168 3706 the

114 3742 173 3774 near
183 3727 204 3775 is
219 3728 258 3772 tha
270 3740 334 3772 same
345 3740 372 3772 os
382 3724 501 3782 Gamtce,
511 3726 538 3773 os
548 3725 625 3773 which
657 3725 721 3773 Mu.

114 3792 224 3856 Ptolemy
240 3790 530 3847 writea,Arrnrnia,v‚7.
547 3789 625 3838 Other
689 3789 913 3855 ‘Armis-molle]
941 3789 974 3838 So
992 3789 1044 3836 also
1063 3788 1168 3848 Homo,

114 3856 237 3906 mountain
248 3856 374 3917 gestimus,
385 3856 426 3902 the
438 3854 588 3917 repositories
601 3856 627 3902 oi
656 3855 706 3904 Sat.
729 3855 754 3911 ii,
772 3860 796 3904 8.
816 3859 856 3903 79.
889 3854 997 3903 ‘Nullos
1015 3855 1054 3902 his
1074 3854 1169 3903 mallem

115 3924 157 3971 the
172 3922 237 3989 roysl
254 3929 381 3975 trenrurer,
392 3935 432 3968 tre
443 3920 580 3968 mentioned
592 3921 606 3967 b
657 3921 726 3969 ludos
738 3918 877 3985 spectasse·

113 3987 350 4053 Strategium:
365 3936 624 4051 permanead
