2512 4372
56 170 125 247 ao.
140 179 211 265 hta]
377 112 585 244 enantion
612 192 685 243 tm.
710 192 796 243 xrvs
1055 176 1129 246 lud

58 329 143 382 trem
167 315 273 394 seri,’'
301 315 519 381 exclamarit:
557 313 732 402 multisque
760 315 944 380 vulneribus
973 318 1122 384 conlecta

60 414 125 468 est.
174 448 180 456 -

104 492 139 555 9.
163 487 248 552 Haec
277 508 430 552 consensu
470 487 662 571 produntur.
708 487 928 571 Aspexetitne
973 498 1120 554 matrem·

58 576 244 642 exanimem
264 573 364 650 Nero,
381 585 415 638 et
429 575 564 638 sormam
580 575 720 658 corporis
741 575 812 659 ejus
837 575 1121 650 laudaverit,=suttt

60 663 120 748 qni
150 663 352 738 tradiderint,
371 669 457 747 ‚sunt
487 660 545 745 qui
573 661 723 725 abnuant.
769 661 922 726 cremata
951 671 1002 727 est
1023 672 1129 726 noete‘

60 751 188 821 cadem,
217 748 375 812 convivali
405 748 522 825 lecto,'¹
554 755 589 811 et
618 748 780 832 exsequiis
815 749 957 812 vilibus:
1001 763 1121 835 neque,

60 838 140 900 dnm
158 833 249 898 Nero
268 854 374 898 rerum
398 836 592 918 potiebatur,
615 845 768 919 congesta
793 842 827 898 et
851 836 961 899 clausa
984 835 1118 912 humus:

60 943 139 988 mox
164 922 410 985 domesticorum
437 941 524 991 cura,
548 920 651 984 levem
676 921 859 985 tumulnm⁹
881 922 1016 1005 aceepit,
1034 921 1120 984 viam

62 1009 185 1073 Miseni
206 1021 348 1092 propter,
376 1016 409 1071 et
435 1007 543 1071 villam
568 1005 728 1072 cesaris*
749 1008 928 1088 dictatoris,
946 1030 1019 1093 quae
1043 1009 1120 1072 suh-

56 1096 165 1180 jeotos
178 1095 266 1159 sinus
281 1096 456 1158 editissima
471 1102 663 1177 prospectat.
709 1091 855 1158 Accenso
878 1090 968 1180 rogo,
986 1095 1139 1158 libertus·

62 1183 146 1266 ejus,
171 1190 382 1266 cognomento
405 1180 576 1253 Mnester,t
608 1180 678 1264 ipse
703 1180 789 1245 ferro
815 1204 849 1246 se
875 1183 1049 1266 transegit3
1072 1181 1123 1244 in·

62 1278 190 1332 certum
213 1270 349 1332 caritate
375 1269 408 1331 in
432 1275 608 1351 patronam,
625 1282 663 1331 en
691 1276 780 1331 metu
805 1268 908 1332 exitii.
954 1267 1054 1332 Hono
1069 1268 1120 1331 sui

61 1355 159 1419 finem
183 1357 301 1418 multos
328 1363 402 1418 ante
428 1374 526 1417 annos
552 1354 733 1417 crediderat
764 1355 953 1439 Agrippina,
979 1364 1121 1420 contem·

61 1450 235 1525 seratquec
280 1460 352 1504 nam
379 1440 554 1504 consulenti
584 1461 681 1523 supet·
711 1436 855 1520 Nerone,
887 1437 1121 1524 responderunt

63 1527 223 1601 chaldei,
244 1527 331 1591 ‘fore
344 1537 379 1591 nt
394 1527 574 1610 imperaret,
585 1539 785 1610 matremque
800 1529 960 1592 occideret
971 1528 998 1590 τ’
1021 1537 1120 1612 atque

62 1614 129 1686 illa,
154 1613 340 1688 'Occidet'
362 1613 479 1697 inquit,
502 1613 601 1686 ‘dum
617 1612 777 1696 imperet!

106 1701 161 1766 lu.
185 1702 251 1766 Sed
269 1723 287 1764 a
304 1699 445 1774 Caesare,
462 1701 607 1783 perfecto
630 1700 759 1763 demum
784 1698 915 1774 sceiere,
933 1701 1121 1784 magnitudo

63 1787 135 1872 ejus
162 1787 329 1868 intellecta
358 1795 427 1850 est:
462 1785 586 1871 reliquo
612 1787 725 1865 noctis,
753 1787 847 1849 modo
873 1807 931 1869 per
955 1787 1119 1851 silentium

62 1874 201 1951 delixns,
218 1875 336 1958 saepius
361 1895 479 1957 pavore
505 1894 694 1956 exsurgens,
710 1882 745 1937 et
767 1876 882 1937 tuentis
896 1873 999 1957 inops,
1015 1874 1119 1938 lucem

63 1962 304 2046 opperiebatur,
322 1969 485 2044 tamquam
509 1960 645 2022 exitium
672 1960 850 2025 allaturam.
895 1959 1008 2045 Atque
1031 1982 1118 2036 enm,

63 2057 196 2112 auctore
221 2047 339 2120 Burro,
367 2049 470 2131 prima
494 2046 715 2111 centurionum
746 2047 1012 2132 tribunorumque
1041 2049 1119 2112 adu-

65 2134 166 2198 latio'
211 2134 251 2198 ad
291 2154 379 2218 spem
416 2132 565 2208 firmavit,
595 2135 814 2220 prensantium
851 2155 958 2212 mauu,
989 2145 1120 2219 gretan·

94 2342 239 2394 ‘Ventrem
257 2341 323 2405 seri]
356 2340 501 2397 Otherwise,
528 2341 576 2389 and
609 2340 712 2390 teneret.

62 2408 127 2457 with
144 2409 191 2456 less
207 2407 285 2471 spirit,
305 2406 362 2463 Dio,
374 2407 415 2467 lxi,
427 2421 452 2468 p.
462 2411 520 2455 696.
531 2406 577 2465 τὴν
641 2407 756 2455 'mem
766 2407 893 2472 tumulum]
911 2405 935 2454 It
950 2407 994 2455 har
1010 2409 1062 2458 still
1079 2410 1121 2459 the

63 2470 173 2533 γαστέρα
184 2471 385 2534 hemardum.
403 2473 462 2521 nate
477 2469 577 2534 ταύτην,
609 2471 711 2519 nument
718 2472 842 2535 Sepolrhn
852 2471 1121 2538 d’dgrt'ppt'anmssid

64 2540 121 2600 ἔφη,
132 2536 324 2598 ’humanata
335 2537 372 2585 tm
383 2535 479 2598 Νέρωνα
488 2536 577 2586 ἔτεκεν.
608 2535 694 2585 those.

63 2604 178 2666 ‘Baring
196 2605 239 2651 her
257 2602 343 2666 womb,
359 2603 403 2649 she
419 2602 481 2655 said.
498 2602 576 2650 snite
641 2608 655 2632 ¹
675 2601 759 2650 Villam
788 2601 906 2668 Caturia]
933 2601 971 2650 Ito
992 2603 1057 2653 mins
1078 2620 1122 2656 crs

65 2669 123 2724 thir,
133 2668 262 2725 Anicetus,
274 2667 340 2716 since
357 2667 378 2714 it
396 2665 499 2729 brought
514 2666 577 2715 forth
610 2665 659 2714 still
675 2681 734 2714 seen
751 2666 778 2715 in
789 2669 829 2715 the
841 2673 925 2716 mount
940 2668 1025 2717 within
1043 2670 1122 2722 Porto

65 2733 153 2783 Nero!
197 2733 255 2781 And
271 2742 314 2780 not
331 2733 415 2788 better,
432 2731 534 2786 Seneca,
551 2746 578 2780 or
610 2731 710 2793 dt'Buju
728 2733 775 2780 arrd
794 2733 866 2782 More
886 2738 963 2783 moto:
988 2736 1034 2782 aad
1054 2737 1121 2786 tuere

64 2799 258 2848 whoeverwrote
267 2799 309 2846 the
319 2795 419 2860 tregedy
428 2797 455 2843 ot
467 2797 577 2856 Octavia,
609 2796 632 2844 is
642 2795 715 2844 tonud
728 2813 742 2845 n
753 2798 841 2845 merble
856 2807 932 2846 statue
949 2799 1007 2847 with
1024 2800 1067 2848 the
1083 2801 1122 2849 in·

65 2873 105 2913 tet
121 2864 201 2920 i‚line
219 2867 277 2912 368.
309 2862 412 2910 ‘Cedis
422 2861 527 2909 moriens
537 2860 581 2910 illa
612 2860 734 2938 scriptino,
751 2877 848 2912 ormo.
865 2877 999 2913 rumonus.
1027 2865 1121 2916 ‘Genio

65 2929 205 2979 ministrum
222 2928 305 2989 Rogat
318 2927 411 2982 infelix,
422 2935 491 2974 utero
503 2925 580 2974 dirum
611 2925 736 2977 eustatii
748 2927 868 2976 Census:
898 2928 945 2976 See
960 2929 1042 2992 Scipio
1052 2931 1122 2978 Mna.

66 2993 166 3043 Condat
184 3001 213 3041 nt
230 3008 320 3043 ensem.
353 2991 401 3039 Hie
418 3001 464 3046 cst,
484 2992 521 3039 hic
541 3003 579 3039 est
612 2990 681 3046 sella,
698 2991 826 3041 Antiatum
836 2992 862 3041 di
873 2991 1001 3051 Pocanolo,
1012 3011 1034 3043 c.
1045 2999 1085 3044 21.
1095 3011 1122 3060 p.

65 3058 204 3115 fodiendus,
224 3059 266 3113 att,
286 3057 369 3119 Ferro,
387 3066 518 3104 monstrum
539 3056 580 3118 qui
612 3060 667 3106 lea.
701 3057 787 3105 Before
805 3057 887 3121 luxury
904 3057 953 3106 had
969 3062 1067 3109 become
1078 3076 1122 3110 ex·

65 3125 115 3172 tnle
127 3125 192 3173 tulit.
226 3123 284 3172 Post
295 3124 356 3169 hanc
367 3137 450 3169 vocem
468 3136 522 3169 cum
538 3137 579 3168 su·
611 3121 713 3177 cescive,
731 3127 739 3150 ‘
752 3121 782 3172 C.
792 3121 897 3183 Marius,
906 3131 932 3171 ct
943 3124 972 3172 C.
984 3124 1122 3190 Pompeius,

65 3202 150 3252 premo
159 3189 259 3237 Mistem
269 3187 357 3248 gemitu
366 3185 579 3235 Aninrnmtandem
611 3193 636 3232 et
653 3184 743 3241 Cesar.
761 3195 915 3235 extruxerunt
932 3188 1031 3252 quidem
1051 3191 1124 3241 villos

65 3269 110 3318 per
121 3255 177 3302 tera
185 3255 279 3302 tristem
291 3251 395 3299 Vulnera
407 3250 501 3299 reddit!
612 3251 637 3298 in
646 3251 744 3314 regione
756 3251 857 3307 Baiana,
868 3253 910 3300 sed
927 3254 982 3302 illas
1001 3255 1123 3320 imposue-

98 3317 297 3383 'Atpexetitttd
319 3316 365 3365 See
384 3316 452 3364 Suet.
464 3317 482 3363 l.
493 3333 514 3364 c.
531 3315 580 3364 Dio
612 3324 669 3363 runt
686 3317 785 3363 sommis
803 3316 869 3382 jugis
888 3319 1014 3376 montium,
1047 3321 1123 3370 Vide·

67 3391 151 3440 stater,
184 3383 227 3438 lxi,
259 3399 283 3446 p.
303 3386 361 3431 696.
388 3383 442 3429 that
463 3393 487 3429 to
508 3383 580 3430 make
612 3381 683 3428 betur
703 3381 750 3428 hoe
771 3383 848 3445 magis
870 3384 980 3438 militare,
1005 3400 1034 3433 ex
1056 3386 1124 3436 edito

66 3447 169 3496 himself
177 3445 268 3496 certain
278 3447 305 3494 ol
313 3450 353 3494 the
364 3448 437 3503 deod,
449 3448 479 3494 be
491 3446 580 3494 viewed
613 3444 786 3508 speculnrilcte
793 3447 911 3511 longeque
918 3449 1037 3513 subjecte.
1048 3450 1123 3514 Aspi-

67 3514 110 3562 the
126 3513 192 3578 body
209 3512 238 3561 ol'
249 3513 285 3560 his
297 3513 397 3572 mother,
410 3511 457 3560 and
468 3510 531 3570 said,
548 3519 555 3540 ‘
568 3511 581 3559 1
614 3527 642 3559 ce
657 3526 729 3574 quem
750 3512 894 3574 positionem
917 3515 1052 3579 elegerunt,
1068 3517 1124 3580 qni·

67 3579 110 3627 did
129 3587 173 3626 not
189 3579 260 3626 know
278 3578 291 3626 I
309 3576 359 3624 hed
381 3592 407 3624 so
431 3576 546 3623 beautiful
567 3590 582 3624 tt
613 3575 944 3626 bustedificiaexcitaverunt
955 3579 1124 3644 tocieetqun·

66 3644 164 3692 mother
175 3641 191 3688 ι’
216 3643 267 3692 οὐκ
288 3639 353 3708 ᾔδειν
374 3641 412 3690 ὅτι
428 3640 489 3690 οὕτω
505 3639 583 3699 καλὴν
614 3641 663 3689 lie:
681 3642 743 3689 scias
753 3657 801 3689 non
811 3642 883 3691 villas
893 3659 957 3708 esse,
970 3646 1012 3693 sed
1030 3645 1125 3695 cestra!

67 3709 159 3775 μητέρα
169 3705 246 3770 εἶχον.
614 3706 699 3754 Senec.
711 3706 757 3768 Ep.
769 3723 805 3754 nr.

75 3787 76 3791 ’
99 3781 115 3807 ⁸
133 3773 340 3836 Gouoieullleetc]
357 3770 583 3836 'l'heRomonslay
640 3771 792 3834 ttMarsler]
823 3773 875 3821 The
900 3774 985 3838 player
1005 3774 1124 3838 Mnester,

67 3855 100 3888 on
123 3841 230 3887 couches
250 3846 276 3886 at
298 3837 391 3885 dinner.
425 3837 464 3883 On
487 3836 546 3882 ench
568 3849 584 3882 a
615 3837 753 3884 mentioned
772 3838 805 3884 A.
822 3839 858 3894 xi,
876 3843 916 3896 tto,
935 3839 957 3886 is
977 3853 992 3885 a
1012 3839 1126 3888 different

67 3904 148 3953 touch
165 3918 193 3952 os
211 3904 260 3952 this
276 3901 320 3950 she
337 3902 359 3949 is
375 3903 456 3957 bumt,
473 3915 506 3947 no
526 3902 583 3948 time
617 3916 714 3965 person.

67 3970 142 4034 being
162 3968 267 4018 allowed
287 3982 349 4016 eren
367 3967 403 4016 lor
422 3964 585 4031 prepsringa
649 3965 882 4030 ¹Trt'ltuttorumque
908 3967 1027 4031 aduletis]
1066 3967 1129 4017 Thi·
