2512 4372
137 188 203 277 338
469 203 501 251 c.
526 175 710 251 consumi
733 202 879 253 sacrm
1002 192 1180 283 [aucit

142 325 345 391 consulari:”·
364 325 461 389 trium
474 325 658 410 legionum’¹
672 325 784 410 legati,
802 349 909 411 pares
921 330 1016 416 jure,
1034 341 1079 409 et,
1094 354 1183 417 prospe

142 415 187 479 ris
202 411 328 476 Vitellii
348 414 455 492 rebus,
478 413 632 477 certaturi
653 414 694 477 ad
716 414 937 497 obsequium,
959 421 1127 485 adversam
1144 420 1184 502 eju

144 500 307 569 fortunam
329 521 372 563 ex
394 521 487 583 aequo
509 500 739 564 detrectabant.
786 499 833 565 In
852 501 983 569 Africa
1007 508 1093 593 legio
1112 507 1185 570 cohu-

145 595 271 670 tesque,
289 586 424 649 delectae
447 608 467 649 a
490 585 758 665 clodioMaorox
777 609 860 652 mox
885 612 908 654 a
934 591 1051 659 Galba
1073 594 1187 668 dimissa,

146 694 256 737 rursus
267 673 361 756 jussu
373 671 499 736 Vitellii
511 673 656 737 militiam
670 693 803 756 cepere:
822 675 930 741 simul
943 691 1063 745 cetera
1072 682 1188 767 juventu

141 760 243 828 ,dabat
257 760 395 843 impigre
410 761 553 823 nomina:
579 760 696 844 quippe
715 761 887 844 integrum
908 765 985 830 illic
1007 791 1046 832 ac
1067 764 1188 832 favorabi

145 845 209 911 iem
226 846 505 929 proconsulatum
521 844 685 921 Vitellius,
700 847 863 912 famosum
881 849 1117 939 invisumquet
1135 852 1189 916 llee

143 934 296 1033 pasianus
310 941 438 1016 egerat:
460 933 594 1016 perinde
615 933 692 996 socii
713 934 754 998 de
776 933 921 1018 imperio
947 940 1124 1027 utriusq‘ue
1141 960 1191 1004 con·

142 1021 328 1102 Jectahant3
351 1019 408 1083 sed
422 1020 677 1102 experimentum
692 1029 803 1084 contra
817 1021 900 1086 fuit.

146 1170 150 1182 ,
190 1104 318 1171 98..A0
340 1107 441 1189 primo
457 1104 607 1170 Valerius
623 1105 750 1183 Festus,
773 1107 938 1191 legatus?
958 1115 1075 1180 studia
1094 1111 1191 1198 provin
1220 1150 1224 1161 ·

147 1192 276 1256 cialium
292 1214 364 1256 cum
380 1191 443 1254 fide
457 1192 562 1276 juvit:
585 1214 662 1257 mox
676 1193 821 1268 nutabat,
838 1196 955 1278 palam
972 1202 1118 1286 epistolis
1130 1198 1191 1264 edio

146 1279 253 1363 tisque
272 1277 450 1357 Vitellium,
474 1278 607 1343 occultis
628 1280 748 1344 nuntiis
762 1277 1020 1364 Vespasianum
1041 1290 1153 1361 fovens,
1172 1291 1192 1346 et

147 1363 217 1428 baec
247 1364 342 1428 illave
372 1364 572 1440 defensurus,
603 1376 699 1451 prout
726 1366 959 1438 invaluissent.
1022 1369 1193 1460 Depreheas'

147 1473 220 1514 cum
236 1450 337 1515 literis
353 1451 531 1535 edictisque
547 1450 747 1538 Vespasiani,
761 1473 817 1538 per
827 1452 1026 1525 Rhaetiam⁸
1043 1471 1079 1526 et
1088 1459 1192 1528 Gallias

147 1538 286 1601 militum
308 1545 343 1603 et
364 1539 587 1603 centurionum
609 1540 752 1623 quidam,
775 1541 817 1604 ad
832 1539 1021 1610 Vitellium
1045 1549 1139 1629 missi,
1156 1565 1193 1609 ne

147 1633 279 1688 cantur:
307 1626 414 1709 plures
435 1626 590 1706 fefellere,
610 1627 675 1692 fide
696 1626 882 1708 amicorum,
908 1640 973 1695 aut
999 1644 1126 1699 suomet
1142 1639 1194 1696 asta

148 1711 311 1776 occultati.
356 1696 411 1775 l‘ta
437 1711 563 1776 Vitellii
592 1723 724 1796 paratus
748 1717 995 1783 noscebantur:
1031 1715 1196 1806 Vespasiani

147 1799 351 1862 consiliorum
379 1797 532 1882 pleraque
561 1799 682 1883 ignota,
712 1801 851 1884 primum
880 1806 1044 1872 socordia
1074 1804 1196 1876 Vitellii

148 1885 265 1950 deinde
278 1885 471 1950 Pannonica
483 1885 610 1969 Alpes)
624 1886 781 1971 praesidiis
794 1887 941 1967 insessae,
955 1895 1095 1961 nuntios
1104 1896 1195 1959 retina

148 1972 243 2036 bant:
272 1993 359 2035 mare
381 1993 510 2056 quoque
534 1971 716 2038 Etesiarum
737 1974 839 2038 llatu¹¹
861 1974 897 2038 in
925 1975 1110 2047 Orientem
1130 1976 1196 2046 nari

142 2058 298 2144 'gantihus
313 2059 499 2135 secundum,
516 2059 592 2123 inde
606 2059 775 2125 adversum
788 2067 869 2124 erat.

191 2145 245 2209 99.
261 2144 416 2220 Tandem,
431 2146 611 2229 inruptione
625 2147 775 2221 bostium,
788 2146 956 2213 atrocibus
972 2153 1124 2239 undique
1136 2171 1196 2228 naa

150 2231 203 2294 tiis
225 2231 410 2305 exterritus,
427 2231 587 2297 Caecinam
610 2241 644 2296 et
658 2232 829 2298 Valentem
848 2237 1008 2319 expediri
1032 2242 1078 2305 sd
1099 2240 1198 2305 bellun

145 2319 260 2403 jubet:
292 2319 473 2401 praemissus
501 2317 651 2383 Caecina:
683 2318 865 2396 Valentem,
892 2340 913 2383 e
941 2327 1044 2407 gravi
1077 2323 1198 2411 corporis

148 2406 258 2468 morbo
268 2413 336 2466 tum
348 2404 481 2487 primum
491 2407 728 2488 adsurgentem,
738 2406 905 2471 infirmitas
914 2411 1089 2480 tardabat.
1100 2413 1198 2494 ,longe

149 2491 211 2557 alia
237 2491 462 2575 proficiscentis
487 2513 530 2556 ex
552 2491 644 2558 Urbe
669 2492 852 2559 Germanici
875 2497 1052 2564 exercitus
1077 2495 1199 2586 speciae:

148 2600 221 2642 non>
235 2580 325 2662 vigor
347 2579 540 2661 corporibus,
562 2600 624 2643 non
641 2581 736 2645 ardor
757 2578 886 2645 animis:
909 2579 1047 2650 lentam
1062 2596 1099 2652 et
1111 2600 1200 2650 rarnn

149 2678 275 2750 agmen,
293 2665 382 2728 fluxa
395 2686 492 2742 arma,
509 2687 624 2750 segnes
637 2667 732 2751 equi:
756 2665 925 2752 impatiens
945 2669 1042 2750 solis,
1061 2670 1199 2759 pulveris,

180 2880 201 2906 ¹⁸
219 2870 359 2935 Consulum]
388 2869 489 2919 Cluvius
508 2871 589 2922 Rufus
609 2887 660 2922 wan
691 2871 811 2938 nisiqaod
820 2871 954 2932 samen,
964 2875 1097 2931 seditione
1105 2877 1194 2946 quial·

148 2938 248 2999 abaent3
261 2936 347 2999 during
357 2936 439 2998 which
445 2938 503 2986 time
513 2940 544 2986 he
552 2937 660 2987 retained
692 2953 749 3004 rapa
758 2939 785 2987 in
796 2953 850 2987 aum
860 2937 928 3002 jacta
941 2949 1014 2990 sunt
1049 2943 1195 2996 neantes

151 3005 189 3051 his
206 3010 361 3066 govemment
372 3002 399 3049 oi
408 3003 501 3065 Spain:
518 3004 607 3053 choo.
651 3004 655 3012 '
692 3004 768 3052 nihilo
778 3001 927 3068 opulentior,
943 3013 975 3052 ut
990 3007 1036 3070 qni
1104 3005 1198 3076 palsas

182 3077 197 3101 ¹⁸
215 3069 297 3117 Trium
313 3067 444 3130 legionum]
468 3068 508 3133 By
525 3068 603 3117 which
619 3069 661 3116 the
692 3026 1103 3135 factatajamtidemmuiapmffi
1157 3071 1200 3119 ‘ob-

150 3133 277 3199 provinces
288 3132 314 3179 ol
329 3131 403 3195 Spain
413 3147 477 3181 were
493 3132 551 3181 held
564 3134 589 3180 in
604 3133 659 3182 sub·
692 3133 788 3198 ligarit3
803 3133 991 3196 necsmnrirtqua
1006 3136 1043 3186 ad
1056 3139 1201 3205 mangonicat

147 3197 248 3263 jection.
280 3197 359 3245 These
376 3196 443 3245 three
460 3199 662 3262 legionsvvereat
709 3207 799 3249 uaestns
818 3196 964 3247 sustinendae
990 3200 1123 3266 dignitatis
1141 3213 1201 3253 canat

147 3262 199 3310 ,this
210 3262 267 3308 nme
278 3263 318 3310 the
331 3263 402 3325 sixth,
413 3263 455 3311 the
466 3264 543 3321 tenth,
556 3265 602 3312 and
619 3264 662 3312 tbs
693 3215 860 3314 descenderit’
894 3263 932 3312 To
958 3269 1090 3318 reconcile
1114 3268 1200 3318 amu

150 3328 203 3375 first
213 3324 344 3373 additional
356 3328 445 3391 legion,
454 3342 479 3376 aa
489 3343 593 3394 appears
600 3329 662 3378 hcm
693 3330 742 3379 aad
752 3330 888 3385 Suetonius,
899 3327 968 3377 linet
979 3333 1089 3382 mmuh
1105 3335 1157 3383 that
1168 3332 1202 3380 cha

151 3392 217 3442 Hier.
227 3389 253 3443 ii,
266 3395 305 3438 58.
317 3395 357 3441 cr.
369 3392 403 3449 iii,
415 3398 456 3443 44.
692 3393 858 3460 proconsulare
866 3393 893 3442 ol
899 3391 1098 3459 Vespasianum
1106 3396 1201 3448 d'uliltl

184 3465 195 3492 a
213 3455 298 3504 Clodio
309 3456 408 3522 Macro]
426 3458 460 3507 H.
470 3457 487 3514 i,
500 3461 524 3507 7.
536 3462 576 3508 11.
693 3476 725 3508 on
741 3465 843 3510 account
853 3459 881 3506 ol
893 3457 933 3506 bin
948 3461 1057 3520 ararica,
1067 3461 1201 3514 hainin

182 3520 345 3583 aProcom.]
374 3521 441 3569 Suet.
454 3523 578 3574 vitella.
611 3521 661 3572 ‘In
693 3525 763 3575 other
772 3531 880 3588 respecta
891 3525 1078 3593 praissaorthy.

151 3586 277 3657 provincia
284 3584 427 3647 singularem
433 3588 592 3638 innocentiam
601 3603 662 3652 pra·
725 3589 871 3654 ammam]
889 3589 927 3639 of
933 3591 975 3638 the
986 3590 1070 3656 legion
1079 3591 1201 3643 indicias·

151 3654 213 3702 stitit
231 3650 327 3700 hiennio
346 3648 493 3708 continuato,
510 3670 565 3702 cum
581 3668 663 3704 succe·
725 3662 735 3689 ⁸
753 3655 887 3720 mrim]
898 3654 961 3704 Non
971 3656 1013 3708 the
1023 3664 1127 3725 ωηιξη
1134 3658 1162 3718 γ’
1167 3656 1201 3705 tir

152 3715 566 3781 dentiiratrilegatussubstitisset!
697 3719 866 3777 Griaoaa,&c.

155 3774 160 3787 '
183 3786 199 3826 s'
214 3783 340 3833 Famosum
355 3779 514 3845 invisumque]
533 3782 662 3832 Suetonius
726 3787 826 3836 ‘Pomm
836 3783 922 3850 Alpes]
936 3784 1027 3836 Called
1037 3789 1092 3840 nino
1101 3797 1109 3820 ⁶
1119 3783 1201 3840 Julia'

151 3849 219 3913 gives
234 3863 250 3895 a
266 3847 379 3909 different
394 3852 505 3906 account,
522 3846 621 3909 vespas.
638 3855 663 3900 4·
693 3849 759 3900 Now
775 3851 834 3914 Alpi
856 3851 937 3915 Ginli,
953 3851 1067 3904 balvam
1085 3850 1202 3906 camon

151 3913 273 3962 ‘Sortitus
295 3910 412 3969 Africam,
432 3909 594 4026 integerrime,
616 3929 662 3964 nec
694 3918 741 3966 and
753 3913 874 3965 Carniola.

133 3977 203 4036 ,niae
218 3991 306 4041 magna
319 3977 485 4044 dignationes
502 3974 661 4042 ministravit,
725 3989 740 4017 ⁸
755 3980 980 4051 Etcaiwaaaflatn]
994 3983 1125 4049 haina·
