2512 4372
52 175 207 259 t.c.6l.]
376 189 793 244 suasuruuma.xrv.
899 246 907 259 ,
1047 169 1113 240 rat

95 315 152 379 40.
176 313 301 377 Eodem
324 335 406 377 anno
431 314 547 378 Romae
562 314 701 398 insignia
715 313 848 387 scelera,
865 311 1001 376 alterum
1018 332 1111 376 sena-

52 401 144 476 toris,
168 401 276 464 servili
299 400 435 464 alterum
466 401 613 474 audacia,
646 400 784 464 admissa
813 409 897 463 sunt.
948 399 1110 464 Domitius

52 487 178 552 Balbus
193 496 265 550 erat
280 487 462 570 praetorius,
479 487 575 550 simul
589 487 684 570 longa
699 494 840 561 senecta,
858 485 954 551 simul
972 485 1112 550 orbitate

52 584 86 637 et
111 573 249 656 pecunia
270 573 394 637 insidiis
416 575 594 637 obnoxius:
622 574 653 636 ei
667 573 866 656 propinquus
881 572 1030 636 Valerius
1046 570 1112 636 Fa·

52 661 180 734 bianus,
204 660 406 742 capessendis
428 660 600 724 bonoribus
622 660 813 736 destinatus,
842 656 1111 722 subdidit'testa-

53 757 212 824 mentum,
225 747 354 809 adscitis
366 745 483 809 Vincio
501 745 620 809 Rufino
635 756 669 810 et
683 746 837 810 Terentio
853 744 1002 819 lentico,
1019 745 1109 828 equi·

56 834 142 895 tibus
176 831 343 895 Romanis.
401 831 456 895 Illi
488 832 663 897 Antonium
693 831 864 895 Primums
896 840 931 893 et
960 829 1111 910 Asinium

57 918 249 984 Marcellum
263 920 474 982 sociaverant.
505 919 677 993 Antonius,
695 918 829 982 audacia
842 924 1004 1001 promtus:
1022 917 1110 981 Mar·

55 1006 184 1080 callus}
205 1004 319 1068 Asinio
336 1005 482 1069 Pollione
496 1026 616 1088 proavo
630 1005 745 1079 clarus,
761 1025 868 1089 neque
883 1024 1007 1067 morum
1021 1025 1111 1086 sper·

55 1092 182 1156 nendos
209 1091 399 1169 habebatur,
426 1091 486 1155 nisi
515 1092 602 1176 quod
631 1091 874 1175 paupertatem‘
910 1089 1110 1173 praecipuum

55 1179 211 1241 malorum
227 1179 388 1241 credebat.
434 1176 542 1261 Igitur
556 1177 717 1241 Fabianus
740 1178 877 1257 tabulas,
895 1177 935 1240 iis
950 1198 1030 1260 quos
1044 1198 1112 1240 me·

56 1264 189 1337 moravi,
211 1272 247 1326 et
268 1264 337 1327 aliis
359 1263 463 1328 minus
486 1264 682 1340 inlustribus,
704 1263 871 1349 obsignat:
908 1265 995 1349 quod
1024 1263 1111 1345 apud

56 1363 164 1434 patres
180 1351 360 1415 convictum
377 1374 384 1413 τ
416 1361 450 1413 et
468 1349 629 1415 Fabianus
644 1349 883 1435 Antoniusque,
900 1370 973 1414 cum
990 1348 1111 1413 Rufino

56 1450 89 1501 et
112 1436 280 1513 Terentio,
304 1438 376 1521 lege
401 1434 569 1501 Cornelia⁶
591 1438 792 1501 damnantur.
839 1435 1029 1501 Marcellum
1043 1457 1112 1501 me·

33 1524 159 1588 'moria
196 1524 361 1607 majorum,
385 1533 418 1587 et
441 1544 551 1608 preces
565 1521 722 1600 ,Caesaris
745 1544 852 1608 poenas
882 1522 984 1608 magis
1014 1544 1112 1610 quam
1146 1584 1149 1589 4

58 1610 200 1675 infamiae
214 1631 375 1674 exemere.

97 1696 156 1760 41.
183 1695 328 1760 Perculit
349 1698 375 1760 is
398 1697 466 1760 dies
488 1696 679 1780 Pompeium
702 1717 831 1780 quoque
853 1694 1031 1772 AElianum,
1058 1696 1111 1780 ju·

57 1805 173 1847 venem
184 1784 400 1866 quaestorium,
411 1794 574 1867 tamquam
588 1783 782 1866 flagitiorum
795 1782 930 1847 Fabiani
941 1805 1075 1868 gnarum
1086 1786 1114 1846 τ’

57 1871 154 1954 cique
174 1869 281 1945 Italia,
298 1882 332 1933 et
356 1869 526 1953 Hispania,
549 1871 581 1933 in
604 1891 669 1954 qua
691 1878 779 1933 ortus
801 1884 883 1949 erat,
907 1870 1113 1934 interdictum

58 1969 117 2020 est.
166 1955 245 2020 Pari
272 1957 445 2039 ignominia
467 1955 619 2020 Valerius
650 1955 804 2021 Ponticus
834 1955 995 2032 adiicitur,
1025 1957 1113 2040 quod

58 2065 142 2125 reos,
153 2065 195 2107 ne
209 2045 296 2127 apud
312 2044 501 2127 praefectum
517 2037 635 2108 Urbis¹
649 2051 872 2128 arguerentur,
886 2043 927 2107 ad
943 2051 1114 2128 praetorem

86 2266 250 2329 fastra]
268 2267 291 2315 A
312 2283 366 2315 man
386 2268 414 2315 ol
431 2267 515 2324 tuent,
530 2268 576 2316 but
632 2265 978 2331 *matriacum-guarum]
1010 2267 1072 2316 This
1093 2269 1116 2321 is

59 2335 85 2382 ot
91 2334 235 2382 abandoned
244 2336 375 2388 character,
382 2333 496 2383 ofwbom
502 2335 575 2382 much
599 2331 738 2381 illustrated
749 2335 781 2396 by
794 2333 891 2387 Paulus,
902 2335 1012 2380 Sentent.
1023 2335 1056 2389 ir,
1065 2334 1115 2383 'lit

60 2399 231 2448 bsaid'below
241 2397 266 2445 in
279 2399 320 2446 the
333 2398 461 2446 Historias.
600 2401 627 2446 7.
645 2397 704 2461 Leg.
721 2402 746 2447 2.
768 2407 774 2428 ¹
786 2398 844 2445 Non
855 2399 947 2446 tantum
959 2398 979 2446 is
990 2398 1032 2463 qui
1041 2406 1117 2448 testa-

89 2472 105 2506 1
122 2463 265 2526 Marcellus]
282 2464 313 2520 Q.
324 2463 423 2510 Asinius
435 2463 575 2512 Marcellus.
601 2471 712 2510 mentum
728 2461 842 2526 subjecit,
858 2464 1002 2527 suppressit,
1019 2463 1116 2522 delerit,

93 2528 309 2591 '‘Paupertatem]
338 2528 490 2591 Excellently
515 2528 577 2575 said.
602 2543 674 2590 poena
691 2528 752 2589 legia
768 2527 884 2575 Corneliae
896 2538 1027 2592 coercetur,
1038 2529 1081 2576 sed
1091 2538 1118 2579 et

62 2594 157 2643 Seneca
184 2608 239 2657 says
266 2593 323 2640 with
350 2605 416 2655 great
437 2591 511 2654 nuth,
531 2593 578 2655 Ep.
602 2591 624 2639 ia
644 2592 686 2655 qui
697 2593 776 2640 sciens
787 2592 844 2639 dolo
855 2593 917 2641 malo
931 2593 957 2641 id
969 2592 1024 2657 ¹deri
1037 2593 1119 2657 jussit,

63 2660 122 2708 xvii.
145 2659 192 2707 ‘st
211 2661 245 2707 vis
261 2672 344 2706 vacare
362 2659 449 2714 animo,
465 2665 509 2704 aut
519 2672 577 2720 pau·
603 2657 772 2705 faciendumve
795 2658 904 2708 curavit.'
938 2657 1071 2707 And'Lib.
1091 2675 1117 2721 v,

132 2724 138 2735 .
427 2723 432 2732 .
459 2722 463 2733 .
491 2721 514 2732 ..
540 2721 547 2742 ,
627 2724 631 2732 .
843 2730 850 2752 ι
905 2722 911 2734 .

63 2723 579 2852 Ptttt’t'tttfttttittulta.
603 2722 1120 2850 {didicimtttbsttttt

64 2854 171 2917 brought
191 2853 216 2900 in
238 2855 268 2916 by
288 2852 361 2901 Corn.
381 2852 448 2915 Sylla
468 2851 579 2900 dictator.
603 2851 787 2915 perhibendum,
797 2854 923 2915 pecuniam
932 2855 1061 2917 acceperit,
1075 2854 1119 2904 de·

64 2919 217 2981 Couceming
237 2919 286 2965 this
305 2919 362 2973 lavv,
381 2917 461 2966 Julius
480 2917 580 2972 Paulus,
604 2919 684 2978 derit:
697 2917 843 2981 judicemva,
856 2928 882 2964 ut
893 2921 1036 2967 sententiam
1050 2920 1119 2978 terat,

66 2985 176 3034 Sentent.
186 2985 220 3039 iv,
230 2982 279 3029 Tit.
290 2988 315 3032 t.
341 2985 371 3030 de
390 2983 443 3042 lega
457 2980 579 3041 Cornelia,
606 2983 644 3029 val
662 2998 710 3030 uon
730 2983 801 3038 serat,
820 2983 952 3046 corruperit
969 2999 1120 3050 corrumpen-

66 3049 127 3114 [ες.
150 3055 173 3099 l.
213 3047 283 3104 ‘Qui
303 3056 472 3094 testamentum
493 3046 581 3094 falsum
606 3048 693 3094 dumve
714 3045 848 3095 curaverit:
877 3049 1016 3097 humiliores
1038 3049 1118 3114 capite

66 3113 198 3178 scripserit,
215 3111 360 3174 recitaverit,
376 3111 515 3176 subjecerit,
534 3111 580 3176 sig·
605 3111 744 3174 puniuntur,
757 3113 907 3160 honestiores
917 3114 1044 3177 publicatis
1052 3116 1121 3166 bonis

65 3181 167 3235 navarit,
181 3177 350 3241 suppresserit,
367 3178 492 3239 amoverit,
509 3177 581 3240 resig-
606 3191 660 3224 cum
678 3178 730 3241 ipso
742 3176 827 3241 judica
843 3176 869 3225 in
879 3179 980 3243 insulam
992 3177 1120 3245 deportan-

66 3245 167 3304 aaverit‚
177 3242 302 3298 deleverit,
312 3257 382 3305 poena
392 3243 452 3305 legis
463 3242 581 3291 Comeliae
606 3239 663 3289 tur!

68 3310 98 3357 de
109 3310 179 3359 falsis
190 3309 309 3355 tenebitur
319 3324 326 3366 3
336 3307 371 3354 id
383 3317 429 3361 cst.
441 3308 468 3354 in
478 3307 582 3355 insulam
639 3303 647 3337 ³
664 3303 809 3363 Profectum
820 3307 904 3371 Urbis]
916 3307 1008 3357 Forhia
1017 3308 1112 3377 dignity

67 3373 224 3439 deportatur.'
257 3372 346 3435 Agma,
366 3374 393 3419 in
416 3372 468 3420 Lib.
488 3388 514 3427 v,
532 3371 580 3420 Tit.
607 3384 648 3417 see
660 3371 693 3417 A.
703 3370 736 3429 vi,
750 3375 789 3420 ll.
821 3371 874 3420 The
893 3384 987 3437 pretors
1003 3391 1064 3424 wera
1082 3393 1108 3425 se
1155 3408 1158 3421 .

67 3445 107 3489 26.
130 3442 160 3487 ad
177 3439 258 3501 legem
274 3437 411 3496 Corneliam
427 3443 582 3485 testamenta-
607 3449 667 3482 over
683 3436 772 3498 capital
791 3451 891 3486 causes:
920 3440 963 3487 but
980 3440 1056 3489 under
1077 3444 1120 3502 tha

67 3505 134 3561 riam,
152 3504 215 3567 leg.
237 3508 259 3550 l.
292 3501 469 3549 ‘Honestiorea
485 3503 581 3566 quidem
607 3501 1125 3571 emperors,‘omniaomninocriminaprra-

64 3567 583 3630 ininsulamdeportautur3humilioresau-
607 3565 699 3612 factura
720 3565 791 3614 Urbis
811 3566 856 3614 sibi
875 3569 1021 3628 vindicavit,’
1042 3587 1068 3618 as
1083 3589 1122 3622 vva

68 3643 115 3681 tcm
125 3642 166 3682 aut
172 3633 198 3681 in
210 3633 332 3679 metallum
343 3634 494 3686 damnantur,
505 3640 548 3679 aut
558 3631 583 3677 in
608 3630 673 3677 leam
691 3630 751 3678 from
763 3631 862 3695 Ulpiau,
874 3633 969 3698 Digcat.
980 3636 1035 3683 Lib.
1046 3636 1062 3690 i,
1073 3636 1121 3685 Tit

68 3715 161 3746 cracem
181 3696 321 3745 tolluntur.
339 3697 407 3744 Servi
427 3708 518 3751 autem,
529 3704 585 3759 post
609 3699 649 3744 12.
669 3696 699 3742 dc
719 3695 795 3742 officio
813 3699 917 3758 praetecti
935 3699 1016 3753 Urbis,
1028 3699 1087 3764 Leg.
1101 3696 1123 3749 1⁴.

68 3763 199 3812 admissum
216 3760 364 3818 manumissi,
382 3763 462 3825 capite
478 3762 584 3824 puniun-
610 3760 721 3808 Valerius
733 3760 945 3817 Ponticus,under
958 3763 1023 3810 color
1039 3764 1066 3810 os
1079 3763 1122 3814 tha

64 3828 125 3876 tur!
160 3826 282 3877 Antonius
295 3841 341 3873 was
359 3827 447 3890 merely
465 3824 585 3889 punished
611 3825 676 3878 lawa.
692 3825 795 3872 accused
813 3840 912 3889 persona
932 3827 1012 3872 belota
1032 3843 1080 3873 oue
1099 3829 1129 3878 oi

70 3895 102 3945 bv
123 3893 197 3956 being
218 3891 329 3939 removed
349 3890 410 3939 from
430 3892 468 3940 bis
484 3892 543 3939 rank
559 3901 585 3939 aa
610 3891 679 3938 these
689 3900 802 3954 pretore:
819 3890 869 3938 but
877 3892 923 3938 tue
937 3889 1139 3952 ‘pravaircatpt'

68 3944 180 4008 senator:
198 3957 232 4006 H.
242 3955 271 4021 ii,
281 3961 320 4006 ab.
610 3955 708 4008 wished
725 3964 753 4007 to
773 3955 850 4006 elude
869 3957 915 4004 rba
931 3952 1045 4014 seramtp
1064 3953 1096 3998 ot
1112 3952 1164 4011 Qus
