2512 4372
65 207 135 258 ac.
150 190 219 276 59.]
250 268 252 272 A
407 207 617 256 aunanwn
641 208 716 256 usn.
741 210 824 260 xiv.
1057 197 1124 264 105

64 328 150 393 nitas
176 327 318 392 omnium
345 336 478 410 questus
504 326 657 405 anteibat,
677 328 732 391 sed
757 329 892 394 adverso
912 338 1038 396 rumore
1061 334 1123 399 Se-

63 436 147 480 neca
161 423 243 488 erat,
266 426 275 450 ⁶
289 414 375 498 quod
390 414 533 477 oratione
548 413 606 476 tali
619 414 846 479 confessionem
862 418 1060 502 scripsisset.'

109 503 165 567 12.
187 499 273 565 Miro
287 510 393 564 tamen
407 500 582 563 certamine
599 521 766 584 procerum
786 502 1003 569 decernuntur
1025 514 1123 591 ‘sup·

65 588 257 673 plicationes
284 587 369 671 apud
397 586 502 650 omnia
524 586 730 670 pulvinaria,‘
759 596 861 672 utque
884 589 1120 677 Quinquatrus,

64 675 185 759 quibus
209 683 330 758 apertae
354 681 460 737 essent
480 672 614 747 insidiae,
630 672 712 737 ludis
728 675 843 740 annuis
861 676 1120 744 celebrarentur:

65 782 202 826 aureum
220 760 376 823 Minervae
393 759 596 824 simulacrum
612 760 645 823 in
668 762 769 836 curia,
785 769 819 825 et
838 761 937 845 juxta
959 765 1120 850 Principis

65 847 174 932 imago
189 856 407 912 statueretur:
430 847 498 910 dies
522 845 638 910 natalis
660 844 849 934 Agrippina
875 850 959 914 inter
980 852 1121 918 nefastos

64 934 173 999 esset!
231 933 377 999 Thrasea
415 930 571 1006 Paetus,l
605 933 734 999 silentio
770 934 822 999 vel
859 936 950 1001 brevi
983 940 1120 1003 adsensu

33 1048 35 1052 ¹
63 1021 188 1106 priores
203 1019 403 1085 adulationes
420 1020 635 1084 transmittere
658 1021 780 1096 solitus,
796 1021 878 1088 exiit
901 1031 970 1088 tum
993 1035 1120 1101 senatu,

63 1130 102 1172 ac
119 1107 181 1172 sibi
195 1127 325 1172 causam
339 1105 475 1190 periculi
489 1106 578 1181 fecit,
594 1108 710 1171 ceteris
727 1108 884 1174 libertatis
905 1110 1034 1175 initium
1057 1133 1120 1176 non

63 1194 214 1279 praebuit.
260 1193 414 1279 Prodigia
433 1214 562 1277 quoque
585 1196 696 1258 crebra
719 1204 753 1259 et
779 1195 878 1260 inrita
899 1197 1119 1263 intercessere.

61 1283 216 1366 Anguem
232 1280 329 1345 enixa
343 1279 457 1344 mulier
469 1303 478 1354 3
507 1289 541 1343 et
556 1279 618 1344 alia
632 1280 665 1345 in
680 1283 852 1347 concubitu
865 1284 971 1348 mariti
985 1284 1121 1348 fulmine

61 1368 266 1432 exanimata:
286 1366 353 1452 jam
370 1366 417 1430 sol
431 1374 563 1451 repente
578 1366 789 1448 obscuratus,''
810 1377 845 1434 et
866 1378 961 1435 motas
979 1374 1020 1436 de
1035 1372 1120 1437 coelo

62 1454 307 1538 quatuordecim
332 1451 431 1518 Urbis
454 1453 620 1537 regiones:
650 1477 724 1539 quae
740 1455 820 1520 adeo
835 1455 903 1522 sine
916 1480 993 1523 cura
1011 1457 1120 1523 Deum

61 1541 348 1620 eveniebant,*·ut
382 1539 499 1604 multos
534 1550 606 1623 post
638 1563 736 1606 annos
766 1541 858 1607 Nero
888 1544 1055 1628 imperium
1085 1555 1120 1610 et

62 1628 186 1692 scelera
211 1626 458 1690 continuaverit.
503 1624 669 1703 Ceterum,
696 1649 760 1712 quo
788 1639 939 1714 gravaret
967 1632 1119 1698 invidiam

61 1713 186 1786 matris,
215 1734 320 1798 eaque
348 1713 487 1788 demota,
518 1723 645 1777 auctam
679 1713 843 1779 lenitatem
880 1738 969 1781 suam
1006 1718 1120 1783 testifi-

61 1809 203 1876 caretur,
222 1800 372 1864 fcemiuas
394 1800 543 1864 inlustres
567 1799 592 1864 J
594 1800 701 1864 uniam
726 1811 761 1866 et
785 1800 1017 1887 Calpurniam!
1036 1827 1119 1890 prae·

62 1888 192 1953 sectura
216 1887 372 1951 functos*
393 1884 561 1950 Valerium
590 1885 780 1972 Capitonem
807 1898 841 1954 et
866 1889 1026 1955 Licinium
1051 1890 1141 1956 Ga··

60 1972 182 2049 bolum,
200 1974 329 2037 sedibus
350 1973 460 2056 patriis
484 1973 635 2048 reddidit,
653 1975 693 2038 ab
713 1974 896 2060 Agrippina
911 1976 985 2040 olim
1001 1979 1119 2062 pulsos.

61 2061 175 2127 Etiam
200 2058 312 2125 Inlliae
335 2059 519 2124 Paullinoe·
541 2060 663 2125 cineres
688 2063 855 2147 reportari,
870 2064 1120 2150 sepulcrumque
1196 2133 1203 2138 ,

59 2269 169 2334 superior
180 2276 205 2317 to
215 2269 255 2318 tlsc
266 2266 408 2332 complaints
418 2265 447 2315 oi
455 2267 495 2315 tlre
506 2267 554 2331 city
564 2283 571 2325 ;
605 2266 754 2317 undecimam
761 2269 1119 2335 prodiditvisurn.''l⁸heeclipae

58 2335 101 2383 bnt
122 2334 143 2382 it
164 2349 216 2383 was
236 2335 328 2381 Seneca
349 2332 405 2380 who
422 2347 472 2379 was
490 2331 572 2381 talked
605 2333 731 2395 happened
745 2350 776 2382 on
788 2337 828 2383 tlre
840 2335 938 2384 bothoi
953 2337 1023 2398 April
1039 2339 1064 2384 in
1076 2338 1118 2387 the

58 2399 155 2464 against
175 2398 223 2447 and
243 2398 322 2460 batcd,
340 2398 377 2445 ior
393 2396 482 2460 haring
491 2396 572 2454 made,
604 2398 739 2454 alternccrs,
751 2400 797 2446 and
811 2417 856 2446 uss
869 2415 925 2448 seen
942 2400 967 2448 in
984 2401 1119 2465 Campania

57 2464 90 2530 by
102 2465 163 2513 such
174 2479 190 2513 s
200 2464 366 2527 composition,
377 2477 392 2510 a
402 2462 537 2511 confession
548 2463 576 2511 ci
605 2463 712 2510 bessem
733 2478 780 2511 one
800 2463 847 2511 and
869 2473 926 2520 tsro,
946 2465 1075 2530 according
1093 2475 1120 2518 ta

57 2529 189 2596 parricide.
605 2542 648 2575 cnr
665 2528 797 2591 reckoning
806 2545 813 2588 ς
829 2529 855 2577 in
875 2529 989 2577 Armenia
1008 2531 1119 2583 between

74 2601 89 2638 Ι
102 2591 574 2658 Omninpsrlsiaaria]1nallthetemples
605 2591 658 2640 four
673 2592 723 2641 and
738 2593 792 2642 tire.
824 2593 869 2656 Or,
885 2596 1014 2659 according
1032 2605 1058 2645 to
1074 2598 1117 2647 tha

59 2661 106 2708 and
120 2667 145 2707 st
159 2660 192 2708 all
204 2662 244 2708 tbe
256 2659 467 2715 sacredcoucbes.
493 2656 573 2706 Acron
605 2672 671 2705 more
689 2668 800 2707 sccumte
817 2660 972 2708 calculaticns
990 2661 1017 2710 ci
1032 2661 1118 2713 Peter.

56 2725 83 2773 in
103 2725 192 2773 Horat.
210 2725 258 2774 Od.
279 2740 298 2772 1.
314 2723 406 2780 xxxvii,
425 2727 450 2772 t.
475 2721 574 2770 ‘Pulri-
605 2721 717 2774 Doctrin.
737 2723 822 2788 Temp.
845 2725 880 2787 xi,
905 2730 931 2779 9.
958 2727 1000 2773 the
1026 2728 1117 2790 eclipse

58 2791 127 2839 naria
148 2789 297 2846 dicebantur,
318 2797 359 2837 aut
378 2787 436 2836 lecti
458 2786 573 2844 Deorum,
605 2787 682 2851 began
692 2788 718 2836 in
730 2789 862 2853 Campania
872 2795 888 2838 ⁰
898 2788 974 2840 to'in
986 2791 1028 2839 the
1044 2792 1118 2842 aster·

58 2865 102 2904 sut
123 2856 242 2910 tabulata,
257 2855 283 2903 in
304 2854 390 2918 quibus
411 2852 508 2900 stabant
529 2867 573 2901 nu·
606 2868 679 2910 nocn,
691 2854 738 2903 and
749 2857 833 2904 ceased
846 2861 861 2904 2
873 2853 929 2905 69‘:
946 2856 968 2903 it
982 2871 1033 2905 was
1043 2859 1119 2908 about

57 2922 132 2983 mina,
142 2929 172 2969 nt
182 2920 340 2968 eminentiora
349 2915 502 2966 viderentun'
606 2920 663 2967 nina
674 2918 755 2982 digits.
783 2920 852 2968 unas
870 2920 918 2969 and
932 2922 1117 2985 other-portent·

18 3037 22 3051 ι
90 2985 230 3035 *warner
252 2985 349 3048 Passa]
376 2983 413 3031 As
435 2984 527 3032 Seneca
548 2981 574 3030 iu
605 2997 649 3031 cns
675 2999 837 3048 appearances
863 3001 903 3034 sre
925 2986 1063 3036 mentioned
1085 2989 1118 3054 by

56 3049 97 3099 his
107 3050 229 3114 writings,
239 3064 266 3097 so
282 3049 382 3098 Publius
397 3049 504 3096 Thrasea
522 3047 574 3095 Pse-
606 3047 665 3106 Dic,
678 3049 719 3106 lxi,
729 3065 755 3114 p.
765 3054 824 3100 din.

56 3123 96 3163 tns
111 3116 137 3164 in
155 3116 193 3164 his
208 3115 363 3176 morals,sras
379 3129 394 3160 a
410 3113 485 3169 Stoio,
497 3111 545 3159 and
559 3128 574 3159 a
638 3111 651 3146 Ι
668 3115 895 3166 Sine-mesiebast
923 3115 959 3162 To
976 3115 1045 3164 tlsinlr
1063 3118 1119 3167 that

54 3179 119 3245 rigid
145 3180 254 3229 follouer
276 3179 304 3226 ol
328 3178 411 3226 mnne.
443 3176 573 3226 Hardened
605 3178 647 3226 the
657 3179 737 3227 affairs
747 3180 776 3226 ot
791 3180 889 3228 manlln
924 3196 954 3243 gc
970 3195 1001 3230 on
1017 3182 1118 3232 without

58 3243 532 3359 tettttttt'a'thttfflttt
548 3243 576 3356 οἷ
603 3244 1116 3362 iliili21.‘''31*l⁰¹iil‘d¹'‘⁰r‘⁰¹·'{‘'

57 3347 197 3435 ἄνακτἐῒνᾳί
214 3393 246 3436 με
264 3325 370 3437 disard:
383 3326 476 3437 Badias
490 3325 569 3424 sipia.
603 3374 705 3438 perhaps
724 3375 782 3439 only
803 3325 892 3438 mesni,
902 3376 955 3423 that
969 3343 997 3424 in
1014 3327 1117 3426 titiani!

56 3441 142 3489 ‘Nero
153 3455 198 3488 can
209 3440 252 3489 kill
264 3456 311 3503 me,
322 3439 366 3488 but
376 3439 407 3488 ise
418 3446 507 3488 cannot
516 3441 570 3486 burt
602 3440 664 3486 tural
681 3448 766 3487 events
787 3441 817 3488 be
837 3440 961 3496 recorded,
979 3441 1047 3490 there
1065 3457 1116 3491 was

58 3505 116 3605 asel
115 3507 180 3620 Sace
190 3504 248 3618 Dip,
260 3505 302 3560 lsi,
310 3519 337 3618 p
348 3509 431 3633 pith·
480 3567 496 3580 ..
526 3572 559 3617 w
601 3504 820 3617 pptbingtcprore
831 3507 921 3571 clearly
939 3507 981 3554 the
997 3522 1073 3572 anger
1090 3507 1119 3556 oi

169 3585 350 3620 -oscaraas
424 3584 458 3616 ιη.
478 3584 507 3625 ιι,
562 3604 569 3620 .
628 3584 711 3616 caven.

54 3636 137 3685 ‘sotis
147 3635 278 3690 deiectum,
290 3635 410 3699 Vipstano
425 3641 451 3681 et
468 3633 570 3682 Fonteio
633 3633 642 3667 l
657 3635 757 3684 daniam
766 3641 791 3685 ct
803 3634 968 3700 Calpurniam]
985 3635 1032 3683 For
1040 3635 1057 3685 J
1060 3634 1116 3684 tinia

55 3700 204 3756 consulibus,
215 3700 331 3766 quiscere
348 3708 403 3747 ante
421 3713 510 3761 paucos
526 3713 569 3745 an·
602 3697 713 3763 Calvina,
724 3714 763 3747 see
782 3701 814 3748 Α.
831 3701 876 3758 xii,
894 3705 919 3750 8.
936 3701 1038 3750 audior
1056 3700 1114 3749 Cal·

54 3781 111 3822 aas,
129 3766 224 3815 iactum
243 3764 321 3830 pridie
342 3764 462 3824 calendas
481 3763 570 3819 Maias,
602 3765 697 3828 purnia,
708 3766 753 3821 xii,
764 3769 805 3814 22.

54 3829 190 3894 Campania
203 3830 263 3878 hora
273 3830 321 3878 diei
334 3829 397 3877 inter
407 3827 534 3892 septimam
544 3837 570 3877 at
634 3836 653 3862 ¹¹
671 3829 935 3893 Praejectssrassaotca]
951 3827 1046 3876 Bethar
1050 3843 1114 3891 pm·

53 3905 164 3944 scuram
184 3896 275 3945 sensitr
298 3893 404 3944 Corbulo
419 3895 469 3940 dua
483 3893 509 3941 in
521 3892 568 3941 Ar·
601 3898 666 3944 isra.

53 3961 134 4012 menia
154 3962 219 4011 inter
237 3962 322 4011 horam
341 3960 391 4009 diei
408 3959 524 4008 decimam
543 3970 570 4008 et
633 3966 647 3992 ⁸
665 3959 751 4009 Lollia
768 3958 901 4023 Pastliaa]
927 3956 1032 4015 Wileot
1040 3956 1115 4008 Caius
