2512 4372
48 256 52 263 Ι
146 184 215 251 aaa
480 199 513 247 c.
536 198 721 248 ooaannu
744 198 878 249 ramur
992 187 1211 272 [macw-

144 322 307 406 juveness
329 341 431 402 capax
442 320 511 403 jam
527 319 652 402 imperii
666 319 758 393 alter,
775 326 810 382 et
834 320 947 402 primis
970 321 1103 387 militias
1128 323 1209 388 annis

148 409 234 488 apud
261 405 470 470 Germanicos
499 426 629 488 quoque
657 406 817 468 exercitus
846 405 965 471 clarus.
1027 409 1208 473 Absurdum
1225 446 1230 460 *-

149 491 251 556 fuerit
284 513 346 554 non
376 492 490 554 cedere
518 491 651 573 irnperio
680 490 722 567 ei,
747 491 840 574 cujus
867 491 973 556 filium
1001 497 1208 577 adoptaturus

149 598 264 652 amem,
288 578 316 640 si
336 577 405 660 ipse
423 577 622 659 imperarem.
667 573 820 639 Ceterum
843 576 930 641 inter
956 600 1018 643 nos
1046 581 1208 643 nunidem

148 683 373 746 prosperarum
404 663 673 744 adversarumque
702 682 808 725 rerum
835 663 913 726 ordo
945 665 1032 728 erit:
1070 688 1154 741 nam,
1184 664 1208 728 si

150 749 316 822 vincimus,
333 749 496 823 honorem,
513 767 609 830 quem
632 746 769 821 dederis,
794 747 941 822 haheho;
974 750 1152 815 discrimen
1173 772 1206 815 ao

149 835 295 917 pericula
309 856 352 898 ex
370 855 463 916 aequo
479 833 657 915 patiemur:
688 831 795 905 immo,
812 842 851 895 ut
873 835 990 898 melius
1018 848 1080 912 est,
1099 847 1136 901 tu
1157 835 1206 900 hos

149 920 317 983 exercitus
334 941 428 1002 rege3
455 917 532 981 mihi
555 918 673 981 bellurn
695 926 729 980 et
755 918 937 1000 praeliorum
962 923 1089 986 incerta
1112 923 1208 987 trade.

149 1003 287 1070 Acriore
303 1004 398 1068 hodie
413 1003 580 1086 disciplina
595 1003 683 1076 victi,
700 1025 796 1086 quam
818 1004 974 1068 victores*
999 1017 1126 1092 agunt:
1156 1009 1205 1073 hos

151 1090 221 1164 ira,‘
242 1092 362 1169 odium,
379 1090 508 1153 ultionis
524 1088 683 1172 cupiditas
706 1089 746 1151 ad
770 1089 922 1154 virtutem
949 1090 1123 1167 accendit3
1153 1093 1204 1170 illi,

152 1197 210 1259 per
237 1177 400 1240 fastidium
428 1184 461 1237 et
490 1174 733 1247 contumaciam,
762 1174 950 1240 hebescunt.
1011 1177 1152 1263 Aperiat
1176 1187 1206 1243 et

151 1261 299 1325 recludet
336 1269 480 1323 contecta
516 1270 549 1323 et
586 1263 821 1325 tumescentia“
857 1262 1043 1327 victricium
1072 1266 1205 1348 partium

152 1347 284 1409 vulnera
306 1346 425 1408 bellum
446 1346 572 1428 ipsum:
611 1367 670 1408 nec
694 1345 770 1407 mihi
792 1346 893 1430 major
905 1349 939 1410 in
957 1357 1016 1412 tua
1031 1350 1203 1434 vigilantia,

152 1431 354 1514 parcimonia,
370 1431 537 1513 sapientia,
556 1430 672 1495 fiducia
689 1440 750 1509 est,
767 1453 863 1514 quam
877 1431 911 1495 in
926 1432 1057 1498 Vitellii
1072 1447 1204 1520 torpore,

152 1517 289 1590 inscitia,
306 1517 440 1579 canitia
487 1515 552 1579 Sed
569 1524 602 1578 et
616 1516 779 1579 meliorem
797 1517 830 1579 in
851 1518 934 1581 hello
957 1541 1091 1587 causam
1115 1541 1203 1608 quam

151 1603 186 1668 in
201 1602 469 1685 paoe·hahemus,;
492 1623 566 1664 nam
582 1603 639 1684 qui
655 1602 840 1676 deliberant,
857 1604 1114 1671 desciverunt.'⁰

195 1687 249 1752 78.
275 1687 356 1751 Post
385 1686 528 1750 Muciani
550 1687 724 1750 orationem
756 1689 854 1751 ceteri
880 1690 1055 1757 audentius
1077 1692 1204 1757 circum·

152 1775 276 1851 sistere,
295 1779 467 1856 ‘responsa
480 1780 610 1835 vatum'
624 1781 659 1835 et
673 1773 811 1836 siderum
827 1775 949 1838 motus’
966 1777 1102 1843 referre.
1139 1776 1204 1842 Nec

152 1868 223 1924 erat
247 1859 387 1922 intactus
414 1858 474 1921 tali
501 1857 737 1941 superstitione,
763 1867 801 1921 ut
824 1860 881 1942 qui
903 1882 992 1936 mox,
1021 1884 1132 1927 rerum
1155 1864 1205 1927 do

152 1947 268 2018 miuus,
294 1943 466 2006 Seleucum
489 1944 671 2026 quemdam,
696 1944 970 2020 mathematicum,
994 1958 1156 2014 rectorem
1178 1956 1207 2011 et

152 2031 322 2112 praescium
352 2030 455 2112 palam
486 2027 644 2092 habuerit.
704 2027 930 2094 Recursabant
960 2034 1069 2099 animo
1105 2044 1208 2100 vetes

152 2115 276 2178 omina:
299 2135 468 2197 cupressus
483 2115 576 2178 arhor
591 2115 623 2177 in
639 2115 724 2198 agris
738 2116 821 2199 ejus,
839 2118 1014 2199 conspicua
1032 2119 1207 2195 altitudine,

152 2211 287 2284 repente
312 2201 533 2283 prociderat&
562 2222 599 2267 ao
627 2209 753 2283 postera
778 2202 840 2275 die,
865 2204 978 2266 eodem
1006 2206 1145 2290 vestigio
1162 2226 1207 2269 re·

155 2308 300 2369 surgens,
326 2306 457 2367 procera
479 2294 513 2347 et
535 2284 648 2348 latior¹
677 2287 811 2349 virebat.
862 2286 997 2352 Grande
1026 2291 1060 2356 id

155 2393 303 2454 rumque,
319 2391 473 2434 consensu
490 2370 711 2454 haruspicum
733 2380 767 2434 et
781 2393 906 2436 summa
920 2375 1083 2439 claritudo
1100 2375 1208 2461 juveni

154 2458 326 2521 admodum
350 2454 551 2539 Vespasiano
578 2456 739 2539 promissa.
785 2456 851 2520 Sed
878 2460 980 2541 primo
1009 2462 1209 2548 triumphalia

133 2608 138 2614 ,
154 2550 190 2607 et
204 2541 412 2617 consulatus:
433 2549 467 2605 et
480 2540 627 2606 Judaioae
650 2536 792 2606 victoriae
815 2544 925 2621 decus,
944 2545 1097 2631 implesse
1118 2549 1208 2615 noea

153 2789 190 2824 we
210 2776 275 2822 learn
294 2774 353 2822 from
371 2772 438 2823 Suet.
450 2772 526 2836 Veap.
535 2777 559 2822 t.
570 2773 616 2820 had
627 2787 665 2821 re·
698 2788 749 2836 ger,
759 2775 888 2823 hesitation
903 2773 930 2823 in
940 2774 1012 2824 oue’e
1022 2776 1156 2843 adagim
1166 2778 1208 2828 iu

153 2839 240 2888 ceived
247 2839 516 2900 triumphaloruaurente
525 2838 584 2885 lrour
593 2837 666 2886 Clau·
698 2839 779 2885 crime.

154 2900 578 2966 dius,iorhisexploissinBritain.
731 2909 744 2933 ³
761 2902 987 2968 Responsaoatara]
1006 2905 1087 2970 Many
1157 2906 1185 2918 '⁸

79 2998 91 3021 ,
185 2977 198 3001 r
214 2964 666 3028 DuojaoenaalTitusaudDomitian;
699 2967 746 3012 and
767 2967 862 3014 dream
882 2981 922 3014 are
944 2983 1060 3018 enumera
1122 2973 1150 3019 ot
1171 2971 1208 3018 u·

153 3032 182 3080 oi
196 3032 275 3080 whom
288 3031 357 3080 Titus
372 3032 394 3078 ia
405 3031 476 3093 equal
488 3039 512 3078 to
524 3029 566 3077 the
578 3029 667 3092 neight
699 3029 778 3077 future
796 3031 890 3095 dignity
907 3031 935 3079 ol
951 3030 1089 3095 Vespasiani
1107 3035 1140 3101 hy
1157 3034 1208 3088 Dio.

154 3097 183 3144 oi
200 3098 300 3159 empire,
320 3094 368 3143 and
387 3095 411 3142 iu
434 3095 469 3141 his
489 3095 539 3141 first
559 3109 626 3156 years
642 3092 671 3140 oi
699 3093 759 3148 lxvi,
774 3109 800 3157 p.
810 3099 859 3143 ⁷⁴4
870 3094 918 3142 aad
938 3099 996 3146 Yth·
1021 3098 1070 3148 See
1082 3099 1135 3148 also
1150 3099 1209 3148 sur.

154 3158 260 3223 military
279 3161 370 3208 service
390 3158 514 3207 ‘tribunus
528 3159 632 3205 militnm
641 3164 668 3202 at
702 3157 776 3220 Vesp.
787 3165 812 3207 6.
821 3163 846 3207 7.

153 3221 181 3269 in
208 3222 336 3272 Germania
361 3231 388 3270 et
408 3223 434 3270 in
455 3222 582 3270 Britannia
604 3223 666 3296 [ma
731 3223 868 3286 *Repente
887 3223 1024 3285 prociderat
1067 3227 1144 3276 ‘Siue
1166 3226 1208 3276 alla

154 3286 667 3399 Ji„
698 3285 976 3401 rrimus
1037 3291 1207 3405 rear·

82 3378 86 3387 ¹
154 3363 181 3399 n
276 3382 283 3403 μ
443 3367 493 3399 lle·
522 3365 551 3398 1·
580 3381 587 3396 ι
785 3367 812 3399 1¹0
876 3367 892 3398 u
919 3385 925 3402 ι
972 3367 999 3401 ΕΙ
1017 3387 1025 3402 ο
1066 3390 1073 3404 ι
1175 3370 1209 3404 κ·

187 3385 431 3478 ‘Vati-auroris]
457 3415 510 3463 The
533 3413 667 3462 Othoniana
699 3413 797 3476 cording
816 3423 843 3462 to
865 3415 924 3471 Dio,
947 3367 1016 3471 lxvii>
1030 3434 1055 3480 p.
1077 3423 1137 3470 m.
1170 3418 1209 3469 tal

156 3477 203 3526 aad
217 3474 354 3525 Vitellians.
699 3479 804 3539 σφοδροῦ
821 3478 956 3539 πνεύματος
977 3479 1152 3545 drumm
1181 3484 1208 3532 So

188 3541 269 3590 ‘Hos
290 3539 340 3601 iro]
369 3539 432 3595 Hos,
453 3541 496 3589 the
517 3542 668 3606 conquered3
700 3543 771 3591 small
786 3542 808 3590 is
819 3543 862 3591 the
876 3544 1031 3610 consistency
1047 3549 1078 3596 ol
1149 3547 1178 3560 '⁸

155 3606 222 3665 itha,
244 3604 286 3651 the
313 3616 476 3664 conquerere:
510 3607 547 3655 lor
573 3608 669 3654 Tacitus
732 3607 861 3672 ’ωἰοη
886 3608 987 3672 Lipsius
1007 3611 1058 3659 aad
1101 3622 1145 3661 aet
1162 3626 1207 3677 pro·

156 3685 214 3718 uass
224 3670 268 3717 hoa
277 3666 314 3715 ior
330 3665 423 3722 ‘illoa,’
438 3670 484 3714 aud
501 3669 540 3718 itti
556 3671 592 3718 for
608 3670 669 3718 ‘hh'
701 3670 771 3734 perly
790 3670 870 3733 prefer
881 3673 971 3731 latior,
981 3673 1065 3723 which
1082 3675 1105 3724 ia
1120 3673 1208 3725 amat

188 3741 202 3765 ⁸
220 3728 342 3793 Tamen]
358 3728 390 3776 So
402 3729 436 3777 H.
444 3729 472 3786 ii,
482 3736 523 3781 32.
539 3735 669 3797 ‘quoniam
703 3736 732 3799 by
747 3735 812 3783 Suet
824 3736 963 3800 vespach.
995 3736 1158 3803 ‘Insequenti
1173 3739 1207 3787 aa

155 3794 244 3845 Gallia
255 3792 380 3844 tumeant’
697 3799 797 3848 viridior
807 3799 933 3848 winulos
942 3805 1082 3852 manauit.

187 3858 384 3923 Φαίνεται]
410 3856 468 3906 Thia
488 3859 511 3906 ia
532 3858 585 3906 said
605 3862 666 3910 with
731 3871 744 3896 ⁸
761 3863 884 3927 mma
900 3870 925 3915 rt
939 3879 1004 3916 aas.
1033 3867 1072 3917 Oi
1085 3868 1206 3917 hirnia·

148 3925 231 3987 tram
247 3923 433 3986 ioe,whenthc
448 3930 512 3974 atate
527 3921 552 3971 ia
565 3923 594 3973 iu
610 3924 674 3974 dam·
699 3926 920 3988 phalhouoamea
938 3930 982 3981 the
1107 3933 1206 3999 «haym.

715 4202 752 4240 φ.
