2512 4372
81 192 152 259 aa.
168 174 256 264 65.]‚
412 195 621 266 usnemun
647 195 815 247 manv.
1084 179 1149 259 179

85 313 188 400 tionis
200 325 292 395 eratc
307 317 453 402 quamvis
468 340 617 403 supereo
632 318 771 399 crimine
780 316 872 384 Nero
886 325 981 385 setus
996 317 1150 387 adversus

88 404 251 485 insontem
266 403 375 469 odium
389 404 580 488 expleverit.
1100 452 1104 459 ,

104 489 190 569 .,‚53.
214 489 374 562 Tandem..
389 499 544 567 statuere,
575 489 777 565 Circensium
807 490 954 557 ludorum
984 492 1061 572 die:
1096 491 1153 577 qui

93 575 209 660 (gereri
234 577 425 652 celebratur,
450 576 586 662 exsequi
608 579 799 642 destinata:¹
812 579 888 663 quia
913 577 1035 656 Caesar,
1061 601 1152 645 rarus

92 684 239 748 egressu,
255 663 415 748 domoque
431 672 488 729 aut
504 663 604 729 bortis
618 665 757 739 clausus,
772 665 812 728 ad
827 665 951 729 ludicra
968 665 1055 730 Circi
1077 688 1155 730 veu-

93 750 235 833 litabam
271 751 524 835 promtioresque
558 751 665 816 aditus
702 760 795 815 erant
824 751 937 816 latitia
966 754 1153 836 spectaculi.

95 834 256 907 Ordinem
270 835 394 901 insidiis
409 846 664 921 composuerant,
689 845 697 872 ⁸
715 846 751 901 ut
766 835 957 914 Lateranus,
972 839 1062 922 quasi
1080 841 1152 903 sub-

95 923 214 999 sidium
244 924 292 986 rei
320 923 468 989 familiari
496 934 615 1004 oraret,
643 924 919 1008 deprecabundus,
951 933 985 989 et
1019 925 1154 1008 genibus

95 1008 264 1094 Principis
292 1010 449 1086 accidens,
479 1019 695 1093 prosterneret
722 1011 888 1076 incautum
919 1021 1154 1095 premeretque,

95 1097 197 1171 animi
212 1095 349 1170 validus,
364 1105 398 1161 et
413 1117 544 1180 corpore
564 1097 694 1181 ingens:
733 1105 800 1161 tum
816 1097 977 1182 jacentem
998 1107 1032 1162 et
1055 1097 1155 1182 impe-

96 1179 215 1261 ditum,
244 1184 363 1247 tribuni
389 1191 423 1246 et
448 1185 659 1258 centuriones,
686 1191 720 1247 ct
746 1194 935 1266 ceterorum,
959 1185 1155 1269 utquisque

96 1269 261 1340 audentius
277 1269 451 1348 habuisset,
478 1278 692 1350 accurrerent,
717 1270 1017 1356 trucidarentquet’
1040 1272 1157 1355 primas

95 1356 161 1433 [sibi
188 1365 295 1438 partes
321 1355 545 1439 expostulante
572 1355 720 1431 Scevino,
750 1357 806 1440 qui
831 1358 1013 1442 pugionem,
1038 1359 1156 1440 templo

99 1440 246 1509 salutisa
266 1443 298 1515 in
314 1441 457 1517 Etruria,
472 1443 551 1519 sive,
576 1452 614 1509 ut
640 1443 693 1507 alii
717 1443 888 1518 tradidere,
915 1443 1067 1509 Fortunae
1093 1445 1158 1509 Fe-

100 1529 228 1603 reatino
243 1529 284 1594 ,in
306 1529 458 1614 oppido,‘
479 1530 677 1610 detraxerat,
703 1530 915 1614 gestabatque
930 1531 1019 1602 velut
1042 1552 1158 1617 magno

99 1615 191 1699 operi
205 1636 339 1682 sacrum.
385 1614 546 1680 ‘Interim
562 1617 676 1683 Pisoa
699 1616 743 1680 ud
763 1617 865 1681 aedem
889 1616 1039 1682 Cereris!
1060 1641 1160 1703 oppe-

98 1701 230 1789 riretur,
261 1703 348 1773 uude
373 1723 448 1767 enm
477 1703 650 1786 prefectus
709 1703 800 1767 enius
830 1711 863 1767 et
893 1704 994 1768 ceteri
1022 1707 1160 1771 accitum

96 1789 224 1870 ferrent
246 1787 280 1853 iu
304 1797 433 1862 castras
462 1790 635 1854 comitante
663 1786 830 1863 Antonia*
864 1787 994 1854 Claudii
1022 1789 1160 1857 Caesaris

94 1874 180 1960 tilia,
211 1874 253 1938 ad
283 1875 473 1940 eliciendum
502 1877 592 1958 vulgi
620 1875 799 1941 favoremt'
835 1877 922 1960 quod
951 1878 991 1943 C.
1018 1876 1162 1944 Plinius‘

101 1967 270 2029 memorat.
315 1959 418 2025 Nobis
442 1984 571 2047 quoquo
593 1963 687 2033 modo
710 1963 863 2029 traditum
877 1984 939 2028 non
954 1965 1115 2031 occultare
1127 1967 1162 2031 in

102 2045 210 2119 animo
225 2047 306 2122 fuit;
332 2050 476 2132 quamvis
501 2051 672 2115 absurdum
699 2049 874 2125 videretur,
901 2060 956 2114 ant
979 2051 1105 2116 inanem
1121 2055 1162 2118 ad

103 2132 195 2219 spem
211 2132 385 2199 Antoniam
410 2156 524 2201 nomen
551 2145 586 2201 et
608 2136 786 2220 periculum
812 2138 1077 2215 commodavisse;
1105 2149 1163 2204 ant

102 2221 270 2305 Pisonem,
297 2231 409 2309 notum
435 2243 541 2292 amore
567 2224 687 2296 uxoris,
718 2223 772 2287 alii
801 2223 1023 2287 matrimonio*
1044 2246 1079 2288 se
1107 2226 1163 2289 ob·

103 2309 296 2383 stmnxisse:
319 2308 380 2428 pisi
395 2309 422 2372 si
437 2311 553 2394 cupido
567 2309 752 2377 dominandi
771 2309 893 2373 cunctis
916 2310 1084 2375 affectibus
1108 2312 1163 2376 lla·

104 2396 250 2480 grantior
265 2404 324 2458 est.

105 2552 110 2565 ,
149 2481 204 2549 54.
229 2481 296 2547 Sed
320 2481 447 2562 mirum,
471 2502 568 2570 quam
594 2480 678 2550 inter
702 2480 820 2550 diuersi
857 2481 995 2568 generis,
1031 2481 1162 2561 ordinis,

106 2730 168 2790 bave
190 2739 233 2792 the
254 2746 316 2787 state
332 2745 357 2787 at
376 2737 417 2787 bis
436 2735 552 2802 disposui,
573 2737 621 2785 and
685 2737 811 2789 enneae.
828 2737 855 2788 ia
871 2739 938 2805 opp]
967 2738 1130 2804 Ferentinum,
1151 2758 1166 2794 a

105 2806 172 2854 elect
188 2821 203 2852 s
220 2820 317 2868 person,
333 2805 387 2850 wbo
406 2805 435 2850 be
452 2803 523 2850 knew
539 2802 621 2849 would
653 2801 704 2865 city
715 2802 743 2848 οἰ
751 2802 860 2861 Etruria;
876 2819 931 2851 now
941 2804 1036 2854 Frenti.

95 2870 138 2919 'bs
153 2871 195 2918 tbe
213 2885 278 2916 mors
288 2868 404 2917 indabted
420 2878 445 2916 to
456 2869 507 2916 bim
518 2867 554 2914 ior
564 2868 622 2915 such
682 2865 700 2909 s
712 2869 798 2917 AEdem
809 2868 877 2931 Cen]
894 2868 923 2916 ln
943 2870 988 2917 the
1004 2871 1061 2919 lltb
1073 2871 1167 2922 district
1212 2892 1216 2899 ’

110 2950 140 2984 an
151 2935 328 2998 appointmsnt.
654 2931 683 2978 οἱ
694 2933 735 2980 tbe
752 2933 810 2998 city,
826 2943 870 2982 not
888 2933 924 2982 far
942 2935 1002 2986 from
1021 2936 1063 2985 the
1083 2938 1167 2989 Circus

105 3048 109 3060 ‚
140 3007 151 3033 ⁸
169 2999 403 3064 Circensium—die]
421 2998 472 3046 Tbe
483 2998 531 3061 day
541 2997 623 3045 before
654 2995 785 3045 Maximus.

109 3065 152 3112 tbs
163 3063 231 3120 Ides,
242 3081 268 3111 or
278 3064 319 3114 tbe
330 3066 390 3113 ltth
401 3064 428 3111 os
437 3062 515 3126 April,
523 3078 571 3109 nas
581 3063 623 3110 the
687 3069 701 3104 t
718 3063 748 3111 la
768 3061 860 3132 castro]
883 3061 940 3112 into
961 3066 1002 3113 tbe
1023 3069 1167 3131 pratariam,

109 3140 316 3178 commencement
326 3130 352 3176 oi
360 3134 400 3177 tbe
416 3129 477 3179 Ludi
497 3127 624 3175 cerealici.
655 3127 736 3174 wbere
748 3143 795 3176 nas
803 3128 845 3175 the
856 3142 926 3192 camp
937 3129 965 3178 oi
981 3131 1023 3180 tbe
1040 3139 1169 3198 pretorian

109 3195 140 3242 ln
160 3210 191 3243 an
212 3197 309 3243 ancient
328 3194 458 3243 calendar:
486 3208 561 3240 narn.
582 3191 624 3240 ln.
655 3191 760 3254 cohorts.
1200 3234 1202 3239 .

110 3259 208 3312 Asara.
221 3275 286 3307 uuor
298 3259 455 3319 Cannenses,
481 3258 532 3308 'she
543 3272 624 3319 gances
688 3254 836 3318 trasna]
859 3255 987 3320 Daagbter
1005 3261 1033 3308 oi
1052 3263 1170 3313 Claudias

88 3322 92 3331 ’
110 3335 172 3373 suere
184 3325 322 3373 celebrated
333 3325 400 3388 eight
410 3326 480 3388 days.
496 3322 508 3370 l
518 3322 624 3384 imagine
656 3319 703 3369 aud
714 3322 782 3369 AElia
792 3321 888 3370 Patina.
920 3324 955 3372 St.
967 3325 997 3374 C.
1009 3331 1066 3376 loo.

111 3389 243 3453 tbeeigbtb
251 3388 568 3454 day,orAprill'9,wasthe
575 3387 625 3452 day
689 3386 697 3418 ¹
716 3388 745 3435 C.
761 3386 871 3450 Plinius]
892 3387 1002 3457 Already
1021 3393 1169 3452 mentioned,

112 3452 179 3504 fixed
198 3470 229 3503 on
246 3457 277 3525 by
289 3457 329 3502 tbe
341 3456 517 3517 conspirators:
540 3453 577 3500 ior
596 3467 624 3500 so
656 3450 687 3498 A.
698 3451 751 3513 xiii,
762 3457 803 3501 2⁰.

98 3523 154 3581 ‚the
166 3535 232 3575 same
243 3521 371 3568 calendar:
394 3535 456 3567 xus.
465 3517 534 3566 Knn.
545 3517 624 3566 Mars.
690 3514 702 3548 ²
720 3517 886 3582 Matrimonia]
904 3519 940 3569 Oi
949 3519 1062 3576 Antonia,
1077 3537 1109 3568 on
1127 3522 1169 3569 tbs

90 3585 93 3590 “
115 3585 271 3634 Cassssrcr.
296 3584 336 3632 On
350 3586 390 3632 tbe
405 3599 470 3632 same
480 3583 536 3652 day,
547 3582 571 3630 in
583 3586 624 3630 tbe
656 3580 807 3644 repudiation
819 3583 846 3631 oi
855 3583 892 3630 bis
904 3584 1062 3634 torneswile.

113 3649 214 3713 register
234 3651 262 3698 of
280 3649 414 3697 Polrmaeus
438 3649 534 3701 Silvius,
562 3647 626 3695 Cra·
690 3644 800 3709 ‘Flngr¹
810 3647 856 3710 est]
868 3648 953 3705 Hense
966 3650 1101 3713 Polynices,
1112 3650 1168 3697 mad

113 3715 468 3767 canses.consusrsrsnrrn
481 3728 586 3764 nnana.
659 3712 714 3760 witb
742 3714 866 3769 ambition,
890 3715 938 3767 and
965 3715 988 3760 in
1015 3730 1045 3762 an
1065 3713 1171 3775 impious

100 3837 102 3842 Ι
147 3775 274 3840 ‘Templo
285 3780 390 3844 Salutis]
411 3781 440 3828 In
452 3781 517 3825 wlrat
527 3788 591 3824 town
602 3777 630 3824 of
658 3776 739 3835 mood,
761 3795 815 3843 says
835 3779 861 3826 in
883 3778 941 3826 Seu.
961 3778 1036 3826 Tbeb.
1057 3779 1090 3833 is,
1113 3782 1171 3826 662.

115 3843 280 3900 Etruriamn
299 3846 386 3908 temple
397 3860 456 3896 was.
465 3844 488 3891 is
499 3844 628 3897 unknown.
661 3843 727 3890 ‘Pro
747 3860 818 3906 regno
836 3843 909 3890 velim
929 3843 1042 3897 Patriam,
1064 3851 1173 3905 penates,

111 3902 222 3973 ⁴Perhaps
238 3911 281 3962 tbe
299 3912 378 3963 words
396 3911 423 3960 in
440 3908 543 3959 Etruria
553 3908 628 3972 ought
660 3907 786 3970 conjugem
797 3908 898 3956 flammis
908 3907 972 3955 dare.
1003 3906 1106 3972 Imperia
1118 3921 1173 3972 pre-

111 3965 141 4022 'to
154 3973 183 4023 be
193 3973 308 4040 rejected.
661 3975 694 4021 tio
705 3968 1020 4037 quolibetconstantbene.'
