2512 4372
104 217 176 291 sta
190 202 315 287 6901.
418 221 857 277 ursroarnuun‚.mrs„·11.
1106 205 1172 275 305

97 334 338 489 {luhsaperatioue
358 340 499 405 aditam
519 340 636 424 saepius
660 362 766 424 quam.
779 341 814 403 in
832 337 1169 407 formidinemstimu-

122 443 143 489 a
185 432 270 487 ntur.
892 464 896 471 -
974 464 977 469 ι
1052 466 1055 471 ,

110 498 115 509 '
150 508 206 573 45.
241 508 291 577 At
314 509 507 576 Vitellianus
532 510 698 577 exercitus
723 511 763 574 ad
790 510 939 593 quintum
966 532 985 575 a
1011 511 1168 577 Bebriaao

81 592 273 677 propinent
296 597 451 671 consedit,
475 620 537 662 nou
561 597 647 661 ausis
672 597 807 661 ducibus
829 597 943 661 eadem
970 597 1021 661 die
1045 619 1168 681 oppug-

108 680 273 749 nationem
295 691 488 759 castrorum:
507 683 601 745 simul
622 682 804 746 voluntaria
824 682 945 746 deditio
968 686 1167 765 sperabatur.

108 762 178 845 Sed
190 769 362 850 expeditis
374 778 408 831 ot
423 776 550 833 tantum
561 769 602 831 ad
617 768 762 849 praelium
773 768 920 848 egressis,
933 769 1168 833 munimentum

96 852 202 934 5fuere
217 872 305 917 arma
320 864 354 919 et
370 854 512 921 victoria.
557 854 696 919 Postera
715 855 778 927 die,
799 853 883 917 haud
899 854 1049 937 ambigua
1063 853 1168 921 Otho-

95 936 200 1023 ¹triani
224 941 388 1005 exercitus
411 940 588 1014 voluntate,
615 949 659 1013 et,
683 940 740 1022 qni
765 939 935 1003 ferociores
959 939 1101 1013 fuerant,
1124 940 1167 1005 nd

108 1020 332 1105 poenitentiam
353 1026 588 1102 inclinantibus,
609 1026 704 1087 missa
723 1024 861 1108 legatio:
885 1046 945 1087 nec
966 1026 1052 1109 apud
1067 1026 1167 1089 duces

108 1108 302 1177 Vitellianos
316 1113 508 1185 dubitatum,
526 1112 694 1193 quominus
710 1132 820 1193 pacem
837 1111 1058 1177 concederent.
1097 1109 1168 1175 ¹Le-

106 1195 178 1281 gati
200 1197 360 1280 paulisper
375 1197 511 1263 retenti:
534 1219 574 1261 ea
595 1218 645 1259 res
668 1196 898 1261 haesitationem
917 1197 1027 1261 attulit
1047 1197 1168 1279 ignaris

106 1280 239 1356 adhuc,'
263 1304 304 1347 an
327 1283 562 1367 impetrassent.
609 1281 691 1345 Mox
713 1282 843 1347 remissa
866 1283 1039 1367 legatione,
1062 1285 1168 1366 patuit

107 1368 241 1433 vallum.
285 1368 369 1433 Tum
386 1369 463 1433 victi
479 1371 680 1450 victoresque
703 1369 736 1431 in
759 1370 912 1452 lacrymas
926 1368 1033 1448 effusi,
1048 1377 1167 1435 sortem

107 1453 253 1517 civilium
267 1475 428 1521 arrncrum
449 1455 565 1519 misera
583 1453 697 1517 laetitia
719 1454 935 1518 detestantes:
960 1454 1073 1519 iisdem
1086 1465 1167 1519 ¹ten-

107 1540 199 1603 toriis
225 1538 281 1604 alii
305 1541 451 1616 fratrum,
480 1540 535 1605 alii
564 1539 814 1622 propinquorum
839 1541 971 1603 vulnera
994 1541 1165 1607 fovebant:

105 1647 182 1711 spes
197 1632 233 1689 et
246 1628 379 1709 praemia
390 1628 425 1691 in
439 1626 624 1710 ambigam*
647 1633 747 1700 certa,
768 1626 883 1689 funera
904 1634 939 1689 et
961 1627 1084 1692 luctus:
1108 1650 1167 1691 nee

106 1712 281 1797 quisquam
296 1714 377 1777 adeo
393 1714 466 1777 mali
482 1734 608 1796 expers,
626 1719 663 1774 ut
683 1730 746 1773 non
769 1711 907 1794 aliquam
929 1722 1061 1777 mortem
1084 1734 1166 1777 moe·

103 1807 207 1867 ‚reret
254 1796 464 1882 Requisitum
487 1798 637 1882 Orphidli
664 1796 764 1880 legati
786 1819 903 1879 corpus
933 1796 1050 1861 honore
1073 1798 1166 1863 solito

107 1892 288 1951 crematur:
311 1907 430 1967 paucos
447 1885 617 1949 necessarii
639 1883 781 1966 ipsorum
803 1883 998 1966 sepelivere:
1023 1891 1167 1949 ceterum

101 1966 226 2053 ¹vulgus
240 1991 337 2053 super
351 1971 484 2035 humum
499 1971 656 2034 relictum.
789 2030 797 2043 ‚

128 2118 132 2125 .
149 2056 207 2121 46.
227 2053 464 2140 Opperiebatur
478 2054 567 2120 Otho
582 2058 729 2121 nuntium
744 2077 872 2140 pugnae,
886 2076 1087 2138 nequaquam
1103 2064 1165 2119 tre-

107 2138 216 2224 pidus,
237 2152 273 2205 et
293 2142 419 2207 consilii
440 2151 565 2207 certus:
589 2152 706 2206 moesta
727 2142 866 2225 primum
884 2142 981 2215 fama,
998 2143 1070 2205 dein
1094 2163 1166 2224 pro·

106 2224 225 2313 fugi-e
252 2228 361 2311 praelio
386 2228 528 2311 perditas
550 2249 601 2291 res
627 2228 836 2311 patefaciunt.
883 2226 960 2290 Nou
983 2230 1168 2310 expectavit

106 2310 247 2377 militurn
274 2315 370 2379 ardor
395 2335 506 2377 vocem
529 2312 756 2396 Imperatoris:
787 2314 929 2376 ‘bonum
956 2313 1072 2376 habero
1098 2315 1166 2377 ani-

106 2398 212 2463 mum’
237 2400 412 2483 jubebant:
444 2408 634 2482 ‘superesse
656 2399 761 2463 adhuc
783 2420 884 2462 novas
905 2398 1001 2473 vires,
1025 2407 1060 2462 et
1079 2397 1166 2481 ipsos

107 2493 255 2549 extrema
276 2507 423 2568 passuros
444 2486 676 2567 ausurosque:'
698 2506 803 2569 neque
819 2493 889 2549 erat
909 2484 1063 2547 adulatio.
1111 2483 1165 2547 Ire

106 2571 140 2637 in
155 2572 270 2645 aciem,
286 2572 428 2636 excitare
449 2570 588 2654 partium
604 2572 775 2642 fortunam,
791 2569 899 2634 furore
914 2571 1053 2652 quodam
1068 2578 1101 2635 et
1115 2570 1166 2635 in-

106 2656 228 2721 stinctu
243 2658 437 2740 flagrabant:
461 2657 518 2740 qui
539 2657 647 2740 procul
667 2656 866 2730 adstiterant,
888 2657 1020 2719 tendere
1039 2677 1163 2730 manua,

105 2752 140 2815 et
154 2742 295 2827 proximi
309 2764 459 2825 prensare
475 2763 598 2827 gonua3
622 2740 833 2825 promtissimo
850 2741 957 2805 Plotio
973 2741 1092 2805 Firmo.
1129 2740 1165 2803 Is

104 2829 250 2916 praeborii
264 2829 437 2911 praefectus
452 2828 637 2893 idemtidem
653 2830 776 2907 orabat,
794 2836 854 2890 ‘ne
869 2826 1056 2891 fidissimum
1070 2848 1164 2891 erer-

104 2914 220 2993 citum‚
235 2936 275 2979 ne
291 2915 409 2998 optime
427 2914 558 2979 meritos
579 2914 696 2978 milites
718 2915 897 2977 desereret:
922 2913 1042 2995 majore
1057 2914 1163 2976 auimo

105 3000 238 3067 tolerari
258 3000 410 3065 adversa‘
432 3022 528 3084 quam
547 3000 701 3083 relinqui:
725 3001 825 3063 fortes
844 3007 878 3061 et
897 3006 1043 3061 strenuos
1063 2999 1163 3063 etiam

104 3094 219 3151 contra
241 3087 400 3170 fortunam
431 3087 576 3149 insistere
606 3088 715 3169 speir¹
745 3085 873 3149 timidos
902 3092 936 3147 ct
962 3085 1093 3168 ignavos
1120 3088 1162 3155 ad

104 3172 358 3256 desperationem
374 3173 544 3236 formidine
559 3171 752 3256 properare!
772 3206 775 3211 ·
798 3169 888 3248 Quas
904 3169 987 3232 inter
1003 3192 1107 3250 voces,
1126 3184 1162 3236 ut

136 3416 150 3448 Ι
166 3402 354 3467 Ad-lupidetu]
378 3402 505 3452 Tlrerefore
522 3416 565 3450 not
582 3401 618 3448 lar
651 3399 717 3448 Otho
730 3397 778 3445 and
789 3396 913 3447 Vitellios.

104 3472 165 3518 from
184 3470 227 3517 tbe
246 3470 316 3531 place
334 3468 411 3517 which
427 3469 448 3516 ir
466 3484 519 3516 now
540 3464 618 3515 called
683 3463 1019 3528 ‘lliuJ.-ndrersc]'Tlris'is
1029 3469 1103 3533 ajunt
1113 3472 1161 3519 a'nd

108 3536 155 3583 Tor
167 3534 288 3584 Anzolini.
650 3527 780 3575 admirable
791 3529 893 3576 remark.
911 3529 1032 3580 [wonder
1041 3536 1095 3581 that
1103 3533 1160 3596 Lip.

109 3616 114 3631 ³
137 3607 150 3632 r
160 3598 258 3659 Ignara
265 3596 355 3660 adbuc]
373 3595 458 3645 Otlro's
467 3602 536 3659 party
544 3592 617 3657 being
650 3595 699 3640 sins
718 3592 805 3639 should
828 3594 885 3640 here
903 3590 991 3643 dolend
1012 3598 1052 3643 the
1070 3594 1159 3653 Stoica,

105 3664 219 3727 ignorant
236 3662 343 3711 whether
359 3663 419 3725 they
437 3662 484 3708 bad
503 3659 618 3707 obtained
649 3658 711 3711 who,
727 3666 753 3703 to
769 3655 839 3702 avoid
855 3658 896 3705 tho
913 3660 1099 3719 tansmisimus
1112 3662 1160 3710 for.

105 3742 190 3791 peace.
229 3726 326 3791 Shortly
345 3727 407 3774 alter
430 3726 472 3773 the
495 3723 618 3771 intrench-
650 3730 716 3778 tone,
736 3720 839 3783 thought
852 3722 956 3785 nctlring'
972 3722 1001 3770 os
1015 3723 1111 3789 putriug
1129 3740 1161 3775 an

104 3801 184 3840 ments
194 3806 258 3839 were
274 3794 364 3839 tlnosn
375 3806 438 3853 open
449 3799 473 3838 to
485 3791 526 3836 tbc
535 3796 618 3850 troops
650 3787 698 3834 ond
707 3794 733 3832 to
746 3785 805 3832 their
816 3785 946 3834 existence.

105 3856 264 3906 civitellius.
682 3858 696 3883 ¹·
713 3850 855 3898 insisteres
887 3850 904 3915 ¹]
923 3848 1159 3917 Hencelllorus„ir‚

136 3922 196 3970 ’1η
212 3919 334 3983 ornbiguo]
359 3919 398 3965 On
415 3924 518 3967 account
534 3916 618 3964 altha
650 3919 674 3964 8.
692 3913 842 3974 ‘hlagnaein
859 3914 1161 3981 olissignumar'tsperrrir

104 3985 229 4049 surviving
250 3985 324 4033 heads
345 3984 372 4032 ol
390 3985 432 4031 the
453 3992 499 4032 tuo
521 3981 617 4045 parties,
651 3977 763 4043 semper!
