2512 4372
164 214 209 279 ts
487 229 526 276 ot
540 212 893 278 connumeramus
995 208 1226 293 [aquam

166 361 291 416 tmnmt
307 370 485 423 reuertar-ms
502 371 562 413 nec
576 349 876 413 rim.⁷medicaminis
891 346 1000 412 stabim
1016 346 1225 419 intellectura

167 436 352 502 socordiane
366 436 507 515 Claudii,
520 458 564 501 an
580 435 801 498 vinolentiarfi
810 433 1136 507 simul-solutasultars
1151 432 1226 496 subt

161 524 293 587 ¹venisse
308 523 487 585 videbatur.
510 520 641 604 :Igitur
655 519 1016 603 exterritadgsippium
1032 518 1227 603 utriquest&

169 609 283 673 ultima
306 609 511 686 timebantur,
539 617 647 690 spreta
675 607 881 688 praesentium
903 604 1227 688 invida-prorius·

164 695 234 777 jam
253 694 313 756 sibi
334 693 563 777 Xenophontis
583 693 698 756 medici
716 692 941 756 conscientiam
962 691 1111 754 adhibet..
1130 734 1134 747 .
1152 688 1225 764 itta

169 791 332 862 tamquam
356 781 442 843 nisus
465 779 642 842 evomentis
667 779 859 862 adjuvaret‚⁸
882 779 1009 861 pinnam
1033 776 1228 859 rapidumq-

168 887 250 929 neno
273 865 396 928 inlitam
421 864 566 928 saucibus
591 864 662 947 ejus
686 865 850 926 demisisse
873 864 1037 937 creditur;
1066 861 1226 945 haudeig'·

168 973 264 1014 natus
297 973 420 1014 summa
449 951 570 1013 scelera
597 950 694 1031 incipi
724 971 795 1012 cum
825 950 979 1032 periculo,
1007 949 1123 1032 peragi
1153 969 1194 1010 cu

191 1059 310 1100 raemto.
1108 1076 1112 1081 -
1181 1064 1215 1097 ·-.

168 1061 189 1122 p
210 1122 266 1186 68.
289 1120 475 1185 Vocabatur
496 1121 624 1184 interim
647 1128 794 1193 senatus;
819 1130 957 1205 votaque
980 1141 1037 1203 pro
1059 1118 1226 1203 incolutni-

170 1216 237 1283 tate
262 1207 423 1289 Priocipis
450 1207 595 1270 consules
620 1219 653 1270 et
681 1207 860 1270 sacerdotes
887 1208 1139 1290 nuncupabant.¹
1155 1204 1227 1269 c'uih

165 1295 234 1376 -jam
258 1293 413 1356 exanimis
438 1293 579 1354 vestibus
601 1303 636 1355 et
657 1293 806 1358 fomentis
827 1293 1153 1374 obtegeretur,·dum
1167 1313 1227 1355 res

169 1379 323 1441 firmando
355 1376 494 1441 Neronis
524 1378 657 1461 imperio
687 1386 929 1460 componuntur.
983 1377 1057 1442 Jam
1088 1374 1228 1461 primum

171 1465 361 1546 Agrippina,
379 1465 468 1526 velut
482 1462 590 1526 dolore
606 1465 691 1526 victa
708 1472 741 1526 et
761 1463 875 1526 solatia
894 1462 1099 1546 conquirens,
1117 1473 1228 1537 tenero

170 1550 321 1630 amplexu
341 1548 577 1627 Britannicum,
602 1554 736 1611 ‘veram
759 1548 883 1631 paterni
905 1550 968 1610 oris
990 1549 1149 1632 effigiem'
1171 1556 1227 1632 sp-

111 1692 115 1698 .
168 1635 301 1717 pellare,
315 1657 351 1698 ac
364 1634 459 1697 variis
474 1634 597 1697 artibus
611 1635 778 1710 demorari,
792 1656 832 1696 ne
844 1634 990 1697 cubiculo
1006 1636 1228 1719 egrederetur.

171 1719 344 1785 Antoniam
370 1740 498 1804 quoque
520 1729 554 1783 et
569 1717 764 1797 Octaviam
785 1741 907 1784 sorores
927 1719 1009 1803 ejus,
1031 1718 1229 1793 attinuit..,et

171 1814 302 1868 cunctos
328 1805 434 1868 aditus
463 1805 617 1868 custodiis
646 1807 823 1880 clauserat3
858 1803 1034 1888 crebroque
1060 1806 1228 1890 vulgabat,

173 1891 245 1952 ‘ire
268 1891 300 1952 in
324 1891 438 1954 melius
461 1891 677 1954 valetudinem
694 1889 874 1975 Principis,'
893 1890 957 1974 quo
977 1890 1068 1954 miles
1091 1892 1174 1955 bona
1196 1893 1229 1954 in

171 1997 229 2059 spe
245 1986 366 2059 ageret,
384 1987 574 2060 tempusque
591 1999 774 2060 prosperum
796 1999 837 2040 ex
858 1977 984 2040 monitis
1001 1976 1229 2041 Chaldaeorum

173 2063 373 2126 adventaret.

215 2147 268 2212 69.
292 2147 384 2210 Tunc
405 2148 508 2211 medio
529 2149 605 2229 diei,
623 2151 754 2213 tertium
773 2157 846 2212 ante
863 2149 943 2213 Idus
960 2148 1138 2228 Octobris?
1154 2150 1229 2215 fori·

173 2235 232 2297 bus
254 2234 363 2317 palatii
383 2243 514 2317 repente
536 2236 688 2311 diductis,
706 2236 878 2299 comitante
895 2235 1011 2308 Burro,
1030 2235 1124 2300 Nero
1139 2258 1229 2321 egre·

173 2322 261 2384 ditur
276 2322 316 2384 ad
332 2320 505 2399 cohortem,
523 2343 595 2403 quac
612 2343 698 2384 more
714 2322 836 2384 militiae
857 2323 1000 2387 excubiis
1016 2324 1119 2387 adest.
1166 2322 1229 2396 lbi,

173 2416 320 2470 monente
337 2408 502 2491 praefecto,
518 2407 608 2470 festis
625 2408 757 2470 vocibus
773 2418 941 2491 exceptus,
956 2408 1078 2471 inditur
1093 2409 1228 2472 lectica.

177 2492 382 2557 Dubitavisse
408 2493 560 2576 quosdam
590 2493 709 2566 ferunt,
736 2504 962 2575 respectantes,
988 2495 1230 2580 rogitantesque

176 2579 258 2640 ‘ubi
275 2578 480 2642 Britannicus
496 2578 615 2642 essett’
639 2601 724 2655 mox,
742 2580 828 2642 nullo
851 2580 883 2642 in
906 2580 1065 2643 diversum
1088 2592 1230 2654 auctore,

175 2685 248 2745 quae
273 2665 485 2727 offerebantur
504 2665 608 2728 secuti
628 2674 713 2730 sunt.
759 2666 948 2749 Inlatusque
970 2667 1104 2729 castris‘
1130 2666 1230 2741 Nero,

176 2765 210 2809 et
237 2751 445 2830 congruentia
472 2750 608 2833 tempori
638 2751 802 2834 praefatus,
832 2754 983 2834 promisso
1013 2753 1167 2817 donativo
1192 2754 1232 2817 ad

179 2834 363 2917 exemplum
394 2843 534 2918 paternae
565 2837 767 2920 largitionisl
797 2837 974 2922 Imperator
1002 2830 1231 2904 consalutalur.

209 3019 389 3082 sBoletorsm]
418 3018 483 3066 Ptin.
504 3019 562 3074 xxii,
584 3023 625 3068 22.
646 3025 688 3069 46.
720 3020 747 3068 ol'
756 3022 797 3067 the
809 3022 910 3070 medical
923 3030 966 3070 art.
999 3022 1215 3085 SesonA.ir‚8.

177 3083 263 3131 ‘Inter
273 3097 311 3140 ea,
320 3098 375 3145 quae
391 3092 483 3130 temera
497 3084 651 3137 manduntur.
662 3094 688 3131 ct
753 3095 765 3117 ‘⁸
783 3087 1089 3152 Antonium-Octauium]
1118 3089 1235 3148 Anionis,

176 3148 272 3193 boletos
289 3147 373 3194 merito
392 3147 524 3211 posuerim,
541 3148 626 3210 optimi
645 3149 688 3195 hos
721 3150 838 3212 daughter
857 3152 883 3198 ot
901 3152 1016 3200 Claudius
1035 3156 1083 3199 sud
1104 3154 1172 3200 AElia
1191 3154 1235 3202 Pr·

175 3211 274 3274 quidem
286 3211 342 3267 cibi,
353 3210 396 3258 sed
410 3211 526 3259 immenso
541 3212 651 3274 exemplo
662 3213 688 3259 in
721 3213 787 3261 dua:
811 3215 920 3270 Octavia,
939 3216 1056 3278 daughter
1073 3217 1101 3264 ot
1116 3218 1237 3266 Claudius

176 3276 266 3322 crimen
276 3274 401 3327 sdductos,
410 3276 606 3323 venenol'iberio
616 3275 689 3324 Clau·
721 3279 768 3325 aud
780 3277 922 3326 Messalina.
955 3280 1000 3327 See
1012 3281 1048 3327 St.
1058 3280 1088 3329 C.
1098 3285 1155 3329 1⁰5.
1164 3287 1206 3331 36.

176 3339 227 3394 dio,
240 3338 355 3400 Principi‚
373 3353 414 3400 per
431 3341 491 3387 lianc
508 3341 658 3388 occasionem
675 3356 690 3388 s
755 3341 766 3375 ὅ
784 3343 1049 3404 Tertium-Octobris]
1071 3344 1111 3392 On
1123 3345 1165 3392 the
1178 3346 1235 3395 ltth

177 3403 281 3466 conjuge
301 3402 437 3465 Agrippina
456 3404 531 3451 dsto:
557 3418 605 3466 quo
625 3406 690 3453 tacto
722 3405 750 3452 of
758 3406 872 3455 October.
893 3408 941 3454 llis.
952 3408 1013 3456 Flor.
1024 3408 1071 3454 and
1083 3409 1125 3456 the
1137 3410 1176 3457 old
1189 3411 1237 3458 sod

177 3468 220 3515 illa
238 3466 306 3514 terris
327 3480 445 3514 centenum
466 3468 576 3527 alterum,
596 3468 689 3531 sibique
722 3469 776 3517 best
797 3472 867 3518 edds.
890 3473 1004 3521 tertiam:
1033 3471 1169 3521 Rhenanus
1189 3473 1237 3521 aad

176 3541 233 3579 sote
254 3546 347 3586 omues,
369 3530 491 3579 Neronem
512 3547 582 3579 soum
603 3532 690 3582 dedit!
722 3536 802 3582 others
815 3537 896 3584 tertio.

178 3597 236 3644 Juv.
251 3595 336 3651 Saus,
350 3599 406 3645 itc.
438 3596 554 3644 ‘Vilibus
570 3598 689 3661 ancipites
754 3600 921 3662 ‘inlatusque
937 3599 1035 3663 sostris]
1066 3599 1103 3648 Ol
1117 3603 1161 3650 the
1180 3618 1235 3666 prs·

178 3660 247 3722 fungi
264 3669 383 3721 ponentur
395 3660 485 3715 enticis,
498 3660 598 3708 Boletos
612 3661 690 3709 domi-
723 3664 799 3710 torisa
810 3675 900 3726 troops.

178 3740 225 3772 no:
246 3724 289 3771 sed
310 3724 403 3784 qualem
421 3724 539 3773 Claudios
558 3725 610 3772 adit
624 3725 689 3773 Auta
755 3726 1048 3790 “Putetuoelorgltiosis]
1066 3728 1236 3786 Henceh'rru.

176 3790 244 3837 illum
263 3789 351 3842 uxoris,
371 3797 425 3851 post
441 3804 512 3852 quem
530 3790 565 3836 nil
585 3790 689 3854 amplios
722 3791 771 3839 like
789 3791 914 3852 Claudius,
932 3794 1050 3856 promised
1069 3794 1132 3841 esch
1149 3796 1238 3843 soldier

179 3853 248 3903 edit!
722 3855 802 3903 fifteen
815 3857 932 3910 sestertia.
944 3859 1008 3907 1251.
1027 3858 1076 3905 llut
1087 3858 1130 3905 the
1140 3870 1240 3907 siccam

211 3926 222 3955 ι·
240 3916 384 3986 Adjussret]
408 3915 473 3967 llere
488 3917 508 3969 is
522 3932 537 3967 a
550 3933 605 3968 new
617 3917 690 3968 crima
722 3921 751 3969 of
764 3923 803 3969 tha
820 3919 897 3970 whole
915 3923 1014 3985 las-gers,
1026 3921 1180 3989 consideriup
1196 3924 1238 3975 tls
