2512 4372
157 176 225 249 382
484 195 518 244 c.
543 192 728 244 conunnrr
750 191 880 242 rnorrr
994 177 1139 262 [nuc.
1155 181 1227 250 822.

159 317 271 382 castris
301 314 478 380 miscuerat.
524 312 706 380 Incuriosos
734 314 859 391 milites,
884 315 1078 392 vernacula,
1108 328 1149 383 ut
1178 341 1225 385 re·

159 405 286 480 bantur,
310 402 502 476 urbanitate,
540 402 669 486 quidam
706 401 893 484 spoliavere,
931 402 1072 467 abscisis
1113 407 1222 471 furtim

159 488 295 561 balteis,²
317 497 380 552 ‘an
398 489 531 553 accincti
551 489 677 562 forent,'
698 488 882 570 rogitantes.
929 485 1011 551 Non
1035 489 1118 555 tulit
1142 494 1220 556 ludi-

160 576 262 640 brium
291 575 428 639 insolens
457 574 656 640 contumeliae
691 575 836 638 animus:
873 573 1033 637 inermem
1064 580 1220 662 p'opnlum

159 662 276 746 gladiis
290 663 452 726 invasere:
471 683 572 726 cresus
586 662 670 724 inter
684 661 762 725 alios
776 670 867 745 peter
882 660 1007 740 militis,
1024 684 1103 728 oum
1121 665 1218 748 filium

160 749 388 822 comitaretur;
421 748 537 812 deinde
564 749 703 831 agnitus,
734 756 778 823 et,
805 747 936 828 vulgata
962 749 1070 824 caede,
1097 759 1217 836 tempe·

160 845 265 900 retum
290 837 330 900 ab
346 835 518 899 innoxiis*
560 832 602 898 In
617 833 708 898 Urbe
728 843 832 898 tamen
848 832 1062 916 trepidatum,
1080 859 1216 921 praecur·

155 923 304 988 ‚rentibus
318 922 433 1006 passim
448 917 609 984 militibus.
647 920 767 985 Forum
783 920 922 984 maxime
938 923 1114 1004 petebant,
1131 926 1216 1009 cupi·

159 1009 234 1072 dine
257 1008 381 1072 visendi
403 1007 507 1072 locum
530 1007 562 1071 in
582 1029 646 1092 quo
662 1006 768 1072 Galba
786 1006 971 1091 jacuisset.’⁸
1017 1006 1055 1071 N
1057 1031 1098 1073 ec
1115 1013 1215 1075 minus

159 1116 280 1159 saevum
304 1094 519 1178 spectaculum
543 1103 635 1158 eraut
657 1094 729 1178 ipsi,
752 1093 851 1177 tergis
864 1092 1032 1157 ferarum⁰
1055 1107 1092 1159 et
1108 1097 1215 1183 ingen·

158 1181 245 1247 tibus
270 1183 343 1246 telis
369 1181 542 1253 horrentes,
568 1203 640 1244 cum
670 1182 795 1244 turbam
825 1179 936 1262 populi
966 1202 1027 1264 per
1058 1181 1214 1250 inscitiam

158 1290 272 1351 perum
295 1268 442 1345 vitarent,
467 1275 533 1340 aut,
558 1267 613 1330 ubi
635 1267 756 1331 lubioro
778 1267 837 1331 viae
853 1266 903 1328 vel
919 1288 1063 1332 occursu
1080 1271 1212 1356 alicujus

158 1354 379 1437 procidissent,
395 1353 435 1415 ad
449 1352 605 1437 jurgium,
627 1375 699 1418 mox
724 1355 764 1417 ad
789 1374 899 1416 manus
920 1361 956 1415 et
971 1354 1100 1418 ferrum
1116 1367 1214 1422 trans·

159 1439 253 1502 irent.
300 1437 388 1518 Quin
411 1447 445 1502 et
460 1440 577 1503 tribuni
593 1440 803 1524 praefectique
817 1460 889 1511 cum
905 1447 1035 1504 terrore
1052 1452 1089 1506 et
1116 1467 1212 1508 arma·

160 1534 264 1589 torum
279 1526 414 1588 catervis
432 1525 615 1590 volitabant.

202 1611 256 1680 89.
280 1612 357 1696 Ipse
372 1611 534 1686 Vitellius,
550 1634 570 1675 a
585 1613 690 1676 Ponte
706 1611 850 1686 Milvius
872 1609 992 1694 insigni
1009 1635 1112 1699 equo,
1125 1619 1209 1702 palu·

160 1699 276 1763 datus⁹
298 1698 534 1783 accinctusque,
549 1706 696 1762 senatum
713 1707 747 1762 et
766 1697 916 1783 populum
940 1708 1022 1763 ante
1046 1725 1084 1766 se
1107 1692 1208 1790 agens',

159 1785 340 1868 quominus,
357 1794 393 1849 ut
406 1795 542 1868 captam,
561 1783 684 1849 Urbem
699 1785 930 1870 ingrederetur,
945 1787 1130 1855 amicorum
1144 1815 1208 1858 oon·

157 1872 227 1936 silio
243 1871 424 1946 deterritus,
440 1881 544 1934 sumta
558 1878 735 1956 praetexia'
757 1880 790 1935 et
805 1871 981 1953 composito
998 1877 1146 1959 agmine,
1168 1882 1208 1942 ic·

157 1959 263 2022 cessit.
302 1957 450 2038 Quatuor
465 1959 624 2042 legionum
640 1959 755 2042 aquilae
770 1980 827 2042 per
840 1958 992 2032 frontem,
1011 1965 1207 2050 totidemque

157 2045 241 2109 circa
255 2067 274 2108 e
290 2045 467 2128 legionibus
480 2045 548 2108 aliis
562 2045 690 2120 vexilla,
701 2066 774 2109 mox
788 2044 954 2108 duodecim
968 2046 1100 2112 alarum
1112 2053 1204 2135 signa,

156 2139 191 2194 et
207 2141 278 2215 post
294 2132 437 2215 peditum
453 2132 589 2205 ordines,
617 2153 735 2216 eques:
759 2132 831 2194 dein
853 2140 996 2213 quatuor
1021 2145 1057 2199 et
1082 2139 1205 2221 triginta

157 2217 312 2293 cohortes,
335 2226 372 2281 ut
393 2218 522 2281 nomina
545 2219 688 2301 gentium
708 2227 766 2282 aut
779 2217 899 2301 species
914 2239 1081 2285 armorum
1098 2226 1203 2296 forent,

156 2305 315 2369 discretae.
359 2304 447 2369 Ante
470 2305 628 2388 aquilam*
648 2304 794 2387 praefecti
818 2312 997 2390 castrorum
1025 2309 1203 2396 tribunique

156 2400 190 2454 et
210 2392 303 2475 primi
326 2392 555 2464 centurionum,
580 2391 716 2456 candida
740 2398 850 2463 veste;
873 2391 975 2455 ceteri
997 2393 1101 2478 juxta
1123 2419 1200 2461 snam

158 2479 294 2562 quisque
315 2477 502 2556 centuriam,
528 2478 624 2541 armis
648 2478 822 2562 donisque‘
844 2477 1031 2562 fulgentes:
1065 2494 1101 2548 et
1129 2483 1200 2548 mili·

192 2676 200 2710 s
212 2677 321 2741 Rauen]
346 2676 422 2725 Varro
433 2673 463 2722 de
475 2675 506 2722 L.
524 2675 554 2725 L.
573 2673 615 2723 lib.
632 2675 665 2723 iv.
696 2683 722 2724 to
733 2675 831 2726 Tacitus
842 2678 899 2724 tbnn
911 2684 936 2724 to
948 2677 1096 2744 Suetonius,
1111 2683 1132 2731 is
1147 2683 1200 2732 clear

156 2741 297 2797 ‘Balteum
317 2740 438 2800 cingulum
457 2756 472 2788 e
493 2741 567 2798 corio,
588 2739 665 2789 bulla·
696 2740 758 2789 from
774 2751 820 2790 two
836 2740 901 2790 coins
912 2742 940 2789 ol'
955 2743 1076 2794 Vitellius
1086 2749 1111 2795 in
1123 2747 1200 2797 Oisel's

155 2809 224 2860 tum)
256 2809 277 2855 A
290 2807 433 2854 mordeat,
696 2805 832 2855 Thesaurus
847 2807 935 2854 Select.
944 2807 1070 2859 Numism.
1082 2813 1142 2862 Tab.
1154 2812 1199 2872 rrii,

189 2879 208 2904 ¹¹
225 2872 262 2921 Ab
282 2871 401 2934 innoxiis]
422 2869 474 2918 The
496 2869 584 2917 iartlier
603 2869 664 2918 effu·
696 2875 721 2925 4.
743 2877 767 2921 b.
784 2876 876 2935 pabo.
907 2871 938 2919 ln
956 2888 1006 2923 one
1027 2877 1050 2924 is
1073 2892 1197 2927 snvrrrve

155 2937 208 2985 sion
220 2937 247 2984 ol
255 2938 297 2984 ilie
308 2935 378 2984 blood
395 2935 423 2982 oi
438 2936 479 2982 the
495 2935 609 2983 innocent
619 2950 666 2982 vas
696 2951 824 2985 svovsrrr
847 2937 965 2986 Vitellius
973 2940 1019 2988 sits
1032 2956 1064 2989 on
1077 2942 1196 2992 bornebeck

73 2991 85 3015 '
155 3004 268 3065 stopped.
696 3000 722 3047 in
734 3002 770 3048 bis
783 2996 991 3064 paludamentum:
1010 3006 1036 3052 in
1052 3010 1096 3055 tbe
1111 3006 1198 3056 otherio

188 3075 202 3099 ⁸
220 3066 366 3131 Callinico]
383 3064 436 3114 The
446 3065 502 3113 lalre
513 3065 541 3113 ol
550 3063 664 3114 Curtius:
697 3080 833 3132 savanrvs
851 3081 979 3115 nvsvsrrr
1014 3069 1098 3120 Rome
1115 3072 1198 3120 with·

155 3129 189 3178 H.
200 3131 218 3191 i,
230 3137 271 3180 41.
697 3129 789 3178 helmet
799 3147 831 3178 on
842 3132 954 3180 herbead
963 3132 985 3179 is
995 3138 1122 3201 receiving
1133 3137 1198 3185 virer-

188 3205 199 3228 ⁰
217 3197 302 3256 Tergis
314 3196 436 3260 sororum]
458 3195 486 3243 In
506 3197 546 3243 tbe
566 3208 666 3243 manner
697 3194 745 3243 lius
765 3196 790 3243 in
813 3197 848 3243 bis
870 3204 934 3260 toga.
967 3197 1000 3246 P.
1023 3199 1055 3248 de
1078 3201 1198 3250 Greinrille

155 3258 372 3309 oltheGermans.
403 3263 486 3311 Germ.
497 3265 536 3310 1⁷.
628 3280 636 3295 ·
689 3260 800 3319 ,without
820 3263 880 3326 good
899 3276 986 3310 reason
1005 3265 1111 3316 defends
1126 3267 1198 3314 Sueto

189 3332 202 3365 Ρ
220 3325 298 3373 Ponte
307 3327 404 3388 Mitoio]
425 3327 472 3374 See
483 3325 515 3374 A.
527 3323 577 3381 xiii,
585 3329 627 3374 47.
696 3325 750 3373 nius
757 3325 960 3389 againstchitcs,
967 3327 1033 3377 from
1043 3346 1058 3378 a
1067 3331 1122 3380 coin
1132 3333 1156 3379 in
1166 3330 1198 3378 bis

189 3389 364 3453 'PuludctusJ
391 3391 442 3439 Tire
470 3390 664 3455 paludamentum
696 3395 843 3454 possession,
868 3391 894 3438 in
919 3393 998 3440 which
1025 3395 1140 3444 Vitellius
1158 3409 1198 3440 m

156 3469 204 3501 was
217 3470 229 3499 c
242 3453 344 3515 military
357 3465 417 3502 vest.
695 3456 796 3504 dressed
812 3455 836 3503 in
854 3456 895 3503 the
915 3457 1131 3518 paludamentum:
1152 3460 1197 3509 bli-

188 3515 355 3578 'Proeiextc]
379 3519 429 3566 The
444 3521 528 3583 ensign
539 3520 567 3568 of
580 3533 664 3584 peace.
695 3521 783 3569 moires
803 3536 863 3585 pour
883 3520 965 3572 l’Hist.
987 3525 1032 3570 des
1051 3526 1163 3575 Seleucea
1176 3533 1198 3571 et

156 3583 285 3634 Suetonius
299 3582 419 3629 describes
429 3586 557 3633 otherwise
569 3585 610 3634 the
621 3601 663 3632 en·
695 3586 740 3634 des
761 3585 837 3634 maur
852 3584 920 3645 Arte,
937 3587 1016 3637 annes
1030 3594 1109 3641 1703.
1128 3589 1198 3644 serit

156 3657 238 3700 nance
249 3650 279 3699 of
285 3646 408 3702 Vitellius,
419 3649 443 3695 in
455 3648 540 3698 Vitell.
549 3655 588 3699 11.
598 3659 605 3680 ‘
616 3649 662 3698 Ur·
694 3665 721 3714 p.
731 3655 790 3700 969.

155 3713 209 3763 bsrn
236 3713 340 3778 denique
361 3710 392 3758 sd
419 3712 543 3762 classicum
570 3715 663 3763 introiit
725 3717 817 3765 'Ante
832 3716 947 3784 aquilam]
968 3716 1002 3766 So
1020 3718 1121 3784 Lipsius
1138 3720 1197 3768 well:

154 3781 292 3844 paludatus,
310 3779 419 3840 ferroque
437 3778 582 3836 succinctus,
598 3780 662 3832 inter
693 3780 756 3830 esch
774 3780 855 3830 before
883 3782 922 3830 bis
954 3783 1044 3847 segle:
1078 3785 1198 3835 othenino

153 3841 663 3963 tilrtltdtiltmttltttttlt
693 3845 924 3960 ridelli?
938 3862 955 3896 ⁸
969 3859 1037 3898 ‘¹¹²⁸‘
1051 3850 1199 3917 mmm

154 3974 204 4025 But
215 3976 267 4024 tuat
277 3973 354 4025 eredit
369 3976 392 4025 is
409 3985 432 4024 to
448 3972 479 4022 bs
496 3962 567 4038 given
584 3975 663 4023 rstber
727 3978 735 4011 ἒ
752 3975 887 4044 Donisqse]
905 3976 1002 4044 Spesr's,
1012 3982 1149 4050 nappings,
1157 3979 1200 4032 cvl·
