2512 4372
93 196 162 268 306
287 212 298 229 ·
421 206 453 255 c.
479 202 664 255 nousuurr
687 202 854 257 usurum
964 182 1162 281 [mutuant

97 333 235 395 floreret
250 325 375 391 vultum
392 334 451 391 unt
471 326 679 391 induraverat
694 323 804 405 Otho,
817 326 954 391 clamor
966 324 1160 411 et-gernitos'l!

100 414 176 479 Nec
197 413 380 498 pretoriani
401 420 538 486 tautum,
553 410 702 496 proprius
718 410 870 477 Othonis
888 413 1000 492 miles,
1017 413 1074 477 sed
1094 430 1159 495 pre·

98 500 222 565 missio
238 498 368 576 Moesia,
392 506 401 533 ‘
417 500 562 563 eamdem
582 497 837 561 obstinationem
856 500 1071 563 aduentantis
1085 512 1160 560 exer·

100 589 196 660 citus,
214 586 355 669 legiones
371 583 555 667 Aquileiam
572 582 773 666 ingressas,''
788 585 1000 649 nuntiabant
1008 608 1025 649 r
1035 592 1072 647 ot
1084 600 1159 657 neruo

99 672 239 750 dubitet,
257 670 398 753 potuisse
412 669 557 734 renovari
576 667 695 732 bellum
713 676 823 746 atrox,
848 671 1008 754 lugubre,
1023 670 1158 735 iucem

99 758 196 823 uictis
210 767 244 822 et
259 756 446 821 victoribus.
1050 800 1053 805 .
1097 770 1121 801 ἰ

143 846 199 908 47.
223 844 299 925 Ipse
314 862 445 905 aversus
460 863 480 905 a
496 838 635 905 masiliis
655 839 758 917 bellis
781 847 792 877 ⁴
811 839 947 919 Hunc,'
966 842 1084 926 inquit,
1104 836 1155 913 uui·

100 950 202 1005 mum,
217 930 299 991 hanc
313 929 465 992 virtutem
480 936 620 989 vestram
633 925 718 990 ultra
731 926 892 1008 periculis
908 928 1067 1011 objicere,
1081 924 1156 1003 uiuit

101 1016 224 1100 grande
240 1017 314 1079 vitae
331 1035 411 1077 mese
433 1013 573 1096 pretium
595 1019 686 1095 puto.
730 1010 867 1089 Quanto
890 1016 970 1097 plus
985 1014 1057 1098 spei
1068 1020 1157 1074 estm-

101 1104 189 1178 ditis,
203 1102 230 1167 si
245 1101 355 1163 vivere
369 1100 521 1182 placeret,
536 1106 626 1161 tanto
641 1095 805 1181 pulchrior
820 1119 911 1162 mors
926 1100 1005 1163 erit.
1036 1094 1156 1180 Experti

101 1189 240 1251 invicem
252 1207 372 1258 sumus,
381 1206 442 1270 ego
452 1206 489 1247 ac
499 1183 658 1256 Fortunam
669 1203 728 1247 nec
740 1192 872 1267 tempus
883 1181 1157 1269 computaveritis:

101 1273 262 1337 difficilius
286 1282 336 1333 est
361 1280 541 1353 temperare
564 1269 723 1344 felicitati,
748 1290 813 1353 qua
840 1279 876 1334 te
899 1292 969 1335 nnn
995 1279 1090 1354 putes
1107 1267 1156 1330 dio

102 1380 247 1425 usurum.
293 1355 399 1419 Civile
418 1355 537 1420 bellum
551 1377 571 1419 o
586 1352 720 1418 Vitellio
739 1355 855 1438 coepit,
872 1365 922 1438 et,
939 1366 980 1421 ut
993 1359 1039 1421 de
1056 1352 1156 1439 princi*

100 1453 180 1527 putu
209 1451 405 1506 certaremus
431 1442 536 1516 armis,
563 1441 692 1505 initium
717 1440 785 1505 illic
809 1440 897 1507 suit:
927 1464 974 1507 ne
997 1443 1155 1526 plusqua

102 1522 201 1593 semel
216 1538 386 1601 certemus,
410 1549 508 1610 penes
529 1548 582 1591 me
602 1526 785 1609 exemplum
803 1527 886 1591 erit:
910 1527 990 1592 hinc
1007 1528 1155 1615 Otbouen¹

100 1615 272 1698 posteritas
294 1614 443 1677 aestimet.
488 1611 630 1677 Fruetnr
644 1610 798 1677 Vitellius
817 1614 937 1689 suabe,
958 1616 1109 1699 conjuge,
1128 1610 1158 1674 lis

101 1700 208 1765 beris:
240 1699 318 1765 mibi
343 1721 406 1763 non
432 1696 573 1762 ultioue⁸
599 1718 706 1783 neque
732 1698 855 1763 solatiis
880 1722 967 1785 opus
994 1711 1056 1766 ost.
1097 1697 1157 1761 Alit

102 1787 227 1851 diutius
241 1787 410 1869 imperium
425 1785 605 1849 tenuerint:
627 1806 720 1848 nemo
743 1793 810 1849 tum
831 1785 966 1850 fortiter
988 1784 1157 1870 reliquerit.

102 1872 157 1937 An
185 1895 247 1955 ego
272 1881 397 1935 tautum
425 1871 581 1935 Romane
606 1871 711 1954 pubis,
737 1879 787 1934 tot
812 1873 966 1956 egregios
991 1872 1156 1947 exereitus,

102 1959 202 2021 sterni
215 1979 336 2029 rursus,
352 1965 385 2020 et
401 1956 585 2039 reipublice
606 1955 686 2040 eripi
707 1957 831 2040 patiani
878 1958 948 2021 Eat
968 1957 1022 2023 hio
1040 1976 1157 2022 meeum

103 2044 254 2123 animus?
267 2052 429 2125 tamquam
445 2043 581 2125 perituri
596 2064 653 2127 pro
667 2063 718 2105 me
731 2042 879 2118 fueritis3
895 2044 955 2108 sed
971 2055 1043 2109 este
1056 2062 1157 2126 snper-

134 2290 147 2317 ⁰
160 2284 256 2332 Clamor
265 2286 287 2331 el
298 2279 414 2344 gemitus]
432 2281 521 2329 Shouts
530 2278 558 2329 ol
561 2278 614 2344 joy,
646 2281 776 2339 mendacii,
785 2297 850 2333 unnc
865 2283 971 2343 timoris,
981 2287 1053 2351 qnasi
1068 2287 1161 2358 fugisset

101 2349 175 2396 when
188 2349 249 2410 they
258 2347 333 2394 louud
347 2342 434 2392 Otho's
448 2352 615 2393 couuteuauce
647 2361 676 2393 ex
688 2347 749 2403 acio,
761 2356 909 2411 argueretur,
921 2351 1076 2413 gladiu'auze
1090 2344 1160 2417 pedrs'

102 2412 238 2475 exhibiting
258 2426 272 2458 a
295 2410 477 2458 determination
499 2417 525 2457 to
549 2409 615 2466 lire;
647 2410 699 2474 ejus
708 2411 859 2460 incubuerit:
872 2413 921 2461 hoc
931 2414 997 2473 riso,
1008 2412 1159 2481 piorlaurilte

81 2528 83 2533 ,
102 2480 152 2527 aud
170 2492 253 2541 gruans
270 2476 296 2522 ol
312 2474 380 2538 grief,
393 2476 463 2523 when
479 2475 500 2523 it
516 2473 616 2522 shewed
648 2490 703 2523 eum
720 2476 810 2539 aiebat,
827 2492 875 2525 non
890 2480 999 2542 emplius
1014 2494 1043 2529 n
1061 2482 1087 2529 iu
1102 2482 1157 2545 peri·

102 2542 142 2590 bis
152 2540 285 2588 resolution
296 2548 321 2585 to
333 2539 381 2586 die.
648 2540 728 2587 culum
739 2542 800 2589 tales
810 2551 907 2605 tamque
921 2543 989 2599 bene
998 2546 1099 2595 meritus
1108 2560 1158 2595 rou·

135 2600 522 2669 *Aquilsiumingressos]'1¹be
540 2601 615 2660 third,
643 2602 771 2666 jectururu.
804 2604 910 2655 Fratrem
936 2608 1015 2671 igitur
1039 2608 1158 2675 fratrisque

102 2678 215 2730 sereuttr,
231 2668 279 2717 aud
295 2666 382 2730 eightb
395 2667 502 2729 legions:
520 2666 561 2716 ch.
573 2672 614 2717 8⁶.
647 2668 768 2725 blitumst
782 2669 892 2732 singulos
906 2671 1040 2722 amicorum
1054 2676 1158 2723 eohorte-

103 2735 232 2785 Suetonius
244 2749 322 2781 seems
338 2740 362 2778 to
377 2732 406 2779 be
420 2733 446 2778 iu
460 2746 532 2787 error,
542 2732 614 2779 when
647 2741 719 2792 tutus,
740 2743 767 2781 ut
787 2735 833 2782 sibi
852 2736 958 2799 quisque
984 2753 1032 2801 pru
1049 2741 1159 2789 tucnltste

102 2800 134 2847 he
146 2814 203 2863 says
212 2799 238 2846 iu
249 2796 351 2860 Vesper.
363 2798 387 2845 6.
408 2802 415 2825 ‘
426 2796 537 2845 llioesiaci
548 2811 616 2844 exer·
647 2797 796 2858 consuleret,
812 2799 843 2847 ab
854 2802 969 2864 amplexu
986 2814 1012 2851 et
1026 2804 1111 2853 meula
1119 2819 1158 2853 sue

103 2865 166 2913 citus
177 2865 231 2911 bins
242 2860 359 2926 [tuntum]
371 2877 384 2907 e
394 2859 472 2907 tribus
482 2859 616 2923 legionibus
647 2860 738 2910 (limisit
749 2878 841 2927 omnes,
853 2872 1001 2929 secretoque
1013 2878 1117 2929 captato,
1126 2868 1158 2915 bi-

102 2929 180 2977 millia
190 2928 261 2977 missa
270 2926 360 2975 auxilio
372 2924 480 2973 othoni?
503 2925 616 2988 Aquileia
642 2925 821 2976 uescodicillos
829 2932 946 2987 excrevit,
954 2933 987 2979 ud
997 2946 1158 2982 sororemuun·

103 2993 179 3056 keeps
190 2995 222 3041 its
233 3008 312 3049 name,
324 2991 445 3053 Aquileia,
455 2989 480 3037 in
490 2988 573 3037 Friuli.
645 2991 780 3048 solatorios,
795 2994 839 3041 sed
856 3004 882 3041 et
897 2996 931 3043 ed
945 2996 1104 3047 Messalinum
1115 2998 1159 3045 b'e·

136 3056 307 3118 vsu—letti]
321 3056 380 3102 This
388 3054 559 3102 circumstance
567 3054 614 3101 und
646 3055 721 3112 renis,
732 3072 802 3119 quarn
819 3058 972 3107 matrimonio
990 3062 1159 3121 destinauerat,

103 3118 146 3164 the
164 3121 211 3168 lest
228 3128 344 3168 monrents
362 3119 389 3166 oi
406 3117 496 3166 Otho’s
514 3118 556 3166 lite
573 3133 615 3167 are
646 3120 814 3168 commendans
830 3121 942 3187 reliquias
959 3140 1019 3173 suas
1034 3138 1060 3175 et
1074 3143 1157 3175 meruc-

103 3183 183 3230 steted
200 3183 233 3247 by
251 3186 319 3233 Suet.
336 3183 397 3233 Oth.
415 3187 457 3233 lo.
484 3183 617 3231 ‘Interfuit
646 3183 715 3232 riam
747 3185 872 3250 Quidquid
894 3188 986 3237 deiude
1007 3192 1156 3253 epistolarum

103 3245 162 3293 huic
170 3247 233 3294 hello
243 3260 311 3310 pater
319 3264 387 3295 meus
396 3247 525 3296 Suetonius
534 3247 615 3304 Leuis,
647 3257 705 3305 erut,
721 3264 752 3297 ne
768 3252 807 3298 cui
825 3251 933 3313 periculo
949 3263 993 3303 aut
1010 3271 1083 3303 noxe
1098 3256 1156 3317 apul

103 3309 282 3357 tertiodecimae
299 3314 399 3375 legionis
410 3313 518 3360 tribunus
529 3327 615 3374 augus·
646 3314 758 3361 victorem
769 3315 858 3374 lorent,
868 3322 1043 3367 concremarit.
1076 3321 1158 3368 Diuisit

101 3372 224 3421 ticlnuius.
242 3374 265 3419 Is
273 3389 324 3421 urcx
333 3377 416 3424 referre
423 3378 525 3432 solebat,
534 3377 614 3425 Otho·
647 3385 672 3425 et
688 3379 803 3440 pecunius
819 3380 962 3432 domesticis
972 3386 1088 3449 excopiu
1104 3398 1157 3449 pru-

102 3440 249 3487 nemetiam
267 3438 383 3499 privatum
400 3456 477 3505 usque
495 3442 555 3491 adeo
572 3441 615 3489 de·
646 3441 726 3491 senti!

102 3510 219 3552 testatum
237 3501 317 3551 ciuilia
334 3517 408 3560 arms,
422 3516 451 3553 ut
469 3515 615 3555 memorante
679 3514 691 3539 ¹
710 3508 763 3555 Nos
779 3507 882 3572 ultien]
902 3508 952 3558 For
968 3511 1036 3561 Orbo
1051 3529 1102 3561 rrae
1117 3530 1157 3561 nn-

104 3568 212 3633 qnodom
229 3567 292 3615 inter
308 3566 393 3626 epulas
411 3567 442 3615 de
459 3568 538 3618 Cassii
554 3571 615 3619 Bru·
646 3571 738 3634 uilliug
748 3580 773 3619 to
784 3580 829 3635 pnt
838 3582 864 3622 to
872 3573 947 3623 death
955 3577 998 3625 the
1008 3578 1158 3627 brotheraud

102 3637 171 3699 tique
188 3632 265 3691 exitu,
275 3630 436 3679 cohorruerit:
453 3648 497 3681 nec
513 3650 614 3685 concur·
645 3636 702 3683 wife
713 3636 761 3684 und
772 3636 881 3686 children
893 3639 921 3687 oi
930 3640 1059 3697 Vitellius,
1073 3645 1119 3691 sud
1135 3652 1158 3689 tu

102 3713 183 3747 surum
194 3713 250 3747 curn
262 3696 340 3745 Galba
356 3695 440 3750 luisse,
452 3696 614 3748 uisiconlide-
645 3702 704 3748 seek
723 3703 753 3765 by
772 3702 822 3750 this
839 3717 925 3752 means
940 3721 957 3755 e
972 3708 1055 3756 solete
1071 3707 1109 3757 lor
1123 3708 1158 3755 his

103 3772 142 3810 ret
150 3765 203 3810 siue
213 3762 277 3811 bello
289 3776 339 3810 rem
348 3758 444 3821 transigi
454 3774 539 3820 posse:
556 3774 613 3813 tuuc
645 3766 758 3813 troubles.

103 3827 325 3891 addespiciendum
333 3823 407 3871 vitam
416 3826 529 3886 exemplo
538 3828 614 3874 muni·
679 3838 691 3861 ⁰
702 3829 815 3893 Animus]
832 3829 901 3879 Your
911 3833 990 3890 mind,
1001 3836 1083 3885 ulrich
1093 3837 1114 3885 is
1124 3838 1157 3883 sl·

103 3891 193 3954 polaris
211 3893 293 3940 militis
312 3891 475 3962 concitatum
499 3889 540 3951 qui
559 3905 613 3937 curn
644 3895 850 3960 reedyeuucbled
865 3898 895 3961 by
907 3898 1015 3962 wishing
1032 3912 1057 3949 tc
1070 3903 1109 3950 die
1125 3902 1158 3951 lor

102 3956 197 4006 cladem
214 3956 336 4006 exercitus
354 3961 485 4009 nuntiaret,
502 3968 531 4003 uc
550 3968 614 4005 nuuc
645 3973 691 4009 me.
