2512 4372
105 117 180 199 pp,
194 99 266 189 hta]
446 117 653 187 suasurum
672 117 748 191 ura.
764 117 831 167 xv.
1095 103 1161 217 15?

105 236 297 319 men-etiarn
313 235 451 300 barbaris
467 237 653 317 habebatur,
673 258 777 322 eoque
792 237 958 302 consilium
973 238 1045 323 ejus
1060 212 1160 315 fidum

106 314 294 411 eredebant.
340 320 428 407 Ergo
449 320 627 407 Vologeses
648 344 754 409 neque
774 330 866 388 atrox
884 324 920 388 iu
945 314 1161 407 summumst

106 404 305 559 quibusdam
326 408 523 492 praefecturis
548 410 692 473 inducias
719 410 831 494 petit!
871 408 1032 476 Tiridates
1055 413 1194 477 lobum‘

132 494 263 579 iamque
288 494 446 581 colloquio
471 494 584 579 poscit.
628 494 769 580 Tempus
792 497 1017 582 propinquum,
1040 498 1161 579 locus,·‘

108 580 236 665 inquo
259 603 359 664 nuper
383 583 519 646 obsessae
545 603 616 646 eum
642 580 734 646 Paetc
761 582 902 666 legiones
923 593 1024 659 eraut,
1050 592 1162 663 cuma

108 668 255 733 barbaris
277 668 421 733 delectus
440 678 524 733 esset
538 669 578 731 ob
593 669 776 734 memoriam
791 669 920 734 laetioris
940 671 999 735 sibi
1018 671 1075 746 rei,
1098 686 1161 736 nou

107 767 160 818 est
183 777 204 818 a
230 752 412 818 Corbulone
444 756 571 829 vitatus,
603 763 639 818 ut
668 755 892 820 dissimilitudo
922 756 1058 820 fortunae
1093 758 1161 842 glo'·

108 841 192 905 riam
209 848 354 926 augeret.
399 841 519 926 Neque
534 841 666 905 infamia
688 840 773 906 Paeti
795 844 988 927 angebatur:
1011 844 1096 927 quod
1121 864 1159 908 eo

109 927 254 993 maxime
271 928 385 1012 patuit,
402 927 478 1014 quia
494 928 558 992 lilio
573 928 656 1013 ejus,
676 928 813 1004 tribuno,
834 930 951 993 ducere
972 929 1160 1014 manipulos,

110 1023 213 1098 atque
243 1015 366 1163 oqerire
393 1014 544 1098 reliquias
571 1014 661 1078 malae
688 1022 828 1100 pugnae*
859 1015 1037 1099 imperavit.
1098 1010 1161 1080 Die

109 1109 218 1184 pacta,
295 1101 412 1165 iberius
452 1102 677 1175 Alexander‚”
720 1102 861 1165 inlustris
905 1123 1004 1186 eques
1041 1101 1161 1167 Roma·

102 1208 185 1263 unus,
214 1187 357 1251 minister
391 1187 473 1252 hello
504 1189 634 1263 datus,'
662 1197 696 1252 et
717 1186 874 1252 Vivianus
896 1189 1032 1264 Annius,
1062 1208 1161 1274 gener

111 1270 318 1354 Corbulonis,
354 1274 493 1339 nondum
523 1274 682 1339 senatoria
711 1283 843 1350 aetate,⁹
879 1277 934 1339 sed
965 1297 1022 1358 pro
1053 1275 1162 1360 legato

109 1360 234 1444 quintae
272 1360 389 1445 legioni
425 1360 603 1445 impositus,
640 1360 672 1424 in
710 1370 816 1425 castra
844 1361 997 1426 Tiridatis
1034 1380 1159 1443 venere,

111 1445 232 1517 bonore
247 1446 328 1530 ejus,
345 1469 393 1523 ac,
409 1469 450 1511 ne
466 1455 624 1511 metueret
638 1447 780 1527 insidias,
796 1448 852 1511 tali
867 1449 1008 1532 pignore.
1046 1447 1162 1535 Viceni

111 1531 231 1597 dehinc
261 1534 386 1616 equites
415 1535 576 1599 adsunrti:
608 1542 651 1609 et,
680 1535 746 1598 viso
775 1532 964 1610 Corbulone,
992 1554 1051 1598 rex
1077 1536 1163 1619 prior

110 1641 197 1704 equo
217 1618 367 1701 desiluit:
390 1641 449 1684 nec
473 1630 640 1685 cunctatus
664 1618 827 1694 Corbulo:
872 1622 927 1686 sed
951 1621 1049 1706 pedes
1073 1616 1174 1706 uter-g

75 1765 82 1769 .
111 1728 176 1790 que
193 1706 327 1771 dextras
342 1705 507 1771 miscuere.
1138 1718 1142 1725 '

153 1791 210 1857 29.
236 1790 323 1856 Exin
346 1793 511 1859 Romanus
534 1791 644 1856 laudat
670 1790 856 1875 juvenem,'¹
881 1791 1028 1857 ‘omissis
1050 1795 1162 1878 praeci-

111 1878 246 1965 pitibus,
267 1887 338 1943 tuta
359 1888 394 1954 et
415 1879 566 1943 salutaria
585 1881 823 1963 capessentem?
868 1877 929 1942 Ille
963 1879 1023 1942 ‘de
1049 1870 1161 1945 nobili·

112 1974 182 2033 tate
197 1965 341 2050 generis’
356 1966 490 2030 multum
507 1965 671 2050 praefatus,
690 1974 798 2028 cetera
812 1973 1026 2048 temperanter
1049 1967 1164 2052 adjun-

103 2051 180 2137 git:
209 2048 359 2116 ‘Itururn
374 2053 495 2137 quippe
514 2051 661 2124 Romam,
680 2051 884 2135 laturumque
907 2073 1026 2116 novum
1042 2054 1161 2118 Caesari

58 2178 62 2189 ·
112 2140 226 2214 decus,
252 2159 315 2202 non
334 2139 476 2202 adversis
501 2136 694 2201 Parthorum
717 2139 812 2201 rebus
835 2137 1011 2221 supplicem
1031 2137 1163 2202 Arsaci·

111 2224 198 2301 den!
241 2223 326 2288 Tum
348 2226 471 2310 placuit
491 2224 655 2289 Tiridaten
674 2245 800 2308 ponere,
825 2225 910 2308 apud
936 2224 1075 2308 effigiem
1091 2226 1163 2290 Cae·

112 2311 203 2385 saris,
220 2311 346 2395 insigne
360 2312 494 2396 regium,
511 2333 569 2375 nec
584 2311 645 2374 nisi
662 2332 756 2373 manu
773 2308 913 2373 Neronis
928 2330 1107 2374 resumere:
1129 2321 1164 2376 et

107 2397 306 2482 'colloquium
321 2399 429 2464 osculo
445 2397 580 2462 finitum.
626 2397 712 2461 Dein
727 2397 835 2481 paucis
849 2396 961 2460 diebus
975 2396 1162 2482 interjectis,

113 2506 231 2568 magna
245 2485 407 2570 utrimque
421 2485 538 2569 specie,
554 2485 628 2549 iude
643 2505 742 2566 eques
757 2483 948 2566 compositus
961 2505 1017 2566 per
1030 2492 1162 2563 turmas,

113 2579 146 2635 et
166 2571 344 2655 insignibus
368 2571 489 2655 patriis,
515 2572 588 2635 hinc
612 2570 740 2655 agmina
764 2569 927 2652 legionum
951 2578 1080 2645 stetere,
1100 2569 1164 2634 sul·

113 2657 265 2741 gentihus
280 2658 405 2743 aquilis,
422 2659 585 2742 signisque
603 2667 636 2721 et
651 2655 827 2720 simulacris
849 2656 956 2719 Deum
977 2656 1010 2721 in
1033 2658 1164 2721 modum

115 2744 238 2828 templi.
292 2745 403 2809 Medio
433 2745 570 2809 tribunal
608 2743 715 2807 sedem
744 2743 897 2820 curulem,
926 2752 960 2806 et
982 2743 1074 2807 sedes
1097 2744 1164 2807 effi·

115 2830 201 2914 giem
227 2829 366 2896 Neronis
389 2832 590 2906 sustinebat;
614 2829 653 2894 ad
675 2851 770 2913 quam
787 2851 973 2914 progressus
988 2829 1163 2907 Tiridates,

143 3056 228 3106 ’Μ
248 3057 322 3122 petit]
359 3057 501 3121 Vologeses,
529 3055 563 3121 by
590 3070 623 3104 no
649 3052 802 3122 Alexander,
821 3052 944 3102 Alabarrh
963 3053 991 3102 of
1010 3052 1166 3113 Alexandria,

114 3136 196 3170 means
207 3120 308 3186 wishing
317 3131 342 3169 to
356 3122 403 3170 rislr
419 3137 434 3169 a
450 3122 555 3170 decisivo
566 3136 623 3168 con·
655 3117 680 3166 in
702 3120 761 3167 rank
778 3120 825 3166 and
842 3120 931 3167 wealth
951 3121 990 3167 the
1010 3119 1060 3168 first
1077 3120 1103 3167 in
1123 3120 1166 3169 the

114 3196 169 3243 test,
184 3186 257 3234 seclis
276 3203 290 3233 a
307 3194 384 3250 traaty
401 3187 437 3234 for
454 3201 519 3234 rome
539 3186 566 3233 ol
581 3187 623 3234 the
656 3183 716 3248 city.
750 3183 789 3232 He
804 3184 914 3232 deserred
929 3184 967 3232 hia
982 3183 1080 3233 father's
1095 3185 1165 3248 trith,

113 3252 248 3303 Armenian
259 3251 351 3300 nobles'
362 3258 537 3314 goreruments,
544 3252 623 3299 which
656 3248 735 3297 which
746 3263 796 3296 was
805 3251 855 3296 that
863 3248 890 3297 oi
898 3250 938 3297 the
950 3249 966 3298 J
967 3249 1044 3297 ewish
1055 3250 1165 3315 religion,

113 3314 220 3367 Corbulo
232 3316 281 3363 had
291 3319 373 3365 struck
383 3317 442 3364 with
454 3317 558 3380 dismay.
655 3314 701 3360 and
714 3328 761 3360 was
771 3313 941 3376 procuratorcs
949 3313 1164 3364 JudeaalterCus·

145 3383 154 3414 ⁸
169 3380 261 3445 Moris]
286 3380 346 3428 This
358 3396 407 3429 was
418 3387 443 3429 at
454 3380 622 3428 Arsamosata:
657 3378 710 3440 pius
726 3376 817 3427 Fadus:
835 3377 936 3442 loseph.
951 3378 1035 3443 Antiq.
1053 3379 1066 3428 J
1072 3379 1111 3427 ud.
1121 3392 1167 3440 xx,

112 3447 152 3495 ch.
164 3451 205 3494 10.
225 3445 333 3510 Perhaps
350 3447 460 3494 between
470 3446 624 3493 Arsamosata
655 3449 680 3490 5.
719 3443 755 3491 Of
774 3444 884 3508 ‘equites
899 3443 1023 3503 illustres,'
1042 3459 1082 3493 see
1098 3443 1128 3491 A.
1139 3443 1166 3500 ii,

112 3511 160 3561 aad
183 3510 321 3559 Rhandea:
354 3511 468 3575 certainly
494 3509 553 3574 Dio,
572 3509 623 3566 lxii,
656 3511 700 3556 59.

112 3591 140 3645 p.
146 3578 209 3691 ¹311⁰t
218 3575 459 3705 prenticnsl‘l’rqurra.
514 3640 539 3686 Ἡ
599 3639 615 3684 ss
658 3572 952 3688 C²bd11iaister-drtns]
989 3572 1028 3638 By
1048 3571 1116 3621 Nero
1140 3578 1166 3620 to

204 3655 337 3689 es.m..
390 3653 623 3690 ocorerwrrearr
679 3653 771 3687 oruc.

114 3705 157 3765 the
176 3656 297 3753 anhniied
312 3656 411 3768 iorpsss
434 3704 464 3754 of
483 3705 552 3752 those
569 3703 624 3750 who
684 3700 1167 3769 tSenataetcte]B'eingnotyattwesrty·

101 3766 164 3831 'had
172 3768 232 3818 died
241 3769 267 3817 iu
280 3769 328 3818 this
338 3771 453 3836 unhappy
459 3777 624 3832 engagement,
658 3768 704 3816 five
715 3784 786 3833 years
798 3769 848 3815 old.
1077 3769 1081 3775 '
1119 3774 1123 3783 ’

81 3832 145 3891 ,sss
153 3832 255 3883 Grotius
266 3834 338 3896 rightl
369 3837 478 3899 explains
486 3836 514 3882 it.
693 3841 704 3867 ²
723 3831 1008 3897 Romanas-jurenses]
1036 3830 1107 3879 Rom.
1118 3827 1167 3877 br.

146 3904 159 3932 ⁰
183 3898 384 3969 fidiatores]
412 3901 459 3949 His
480 3899 558 3948 iathar
579 3913 629 3947 was
662 3897 775 3948 Corbulo.
801 3894 1054 3946 maternique.
