2512 4372
66 189 219 271 s.c.69.]
386 207 653 285 nrsrcursnuu
677 209 753 257 urs.
775 209 802 259 r.
1046 193 1113 261 237

65 311 227 410 plerisque
260 327 469 410 suspicionem
487 327 713 417 ¹conscientias.
758 329 980 415 Antaposuero
1011 332 1111 396 ceteri
1161 368 1164 378 ·

67 435 197 497 qnoque
228 414 345 476 tribuni
374 408 640 498 centurioneique
667 416 835 499 praeseutia
862 417 967 482 dubiis
991 427 1025 482 et
1054 419 1110 482 ho-

66 502 183 563 nestis:
206 499 297 583 isque
313 500 437 564 habitus
452 501 627 565 animorum
642 500 716 582 fuit,
732 510 769 566 ut
791 503 963 586 pessimum
985 505 1109 571 lacinus

65 587 223 650 auderent
238 587 342 669 pauci,
358 587 465 670 plures
481 587 611 667 vellent,
627 609 735 654 omnes
749 597 945 672 paterentur.

110 673 164 737 29.
188 673 325 757 Ignarus
346 672 472 738 interim
495 671 609 750 Galba,
625 682 659 738 et
673 674 770 740 sacris
784 674 936 757 intentus,
951 676 1109 761 fatigabat

66 759 163 824 alieni
182 759 249 844 jam
274 760 401 843 imperii
421 760 551 824 Deos:’⁸
572 781 643 824 cum
665 761 809 825 adfertur
830 767 948 843 rumor,
973 764 1060 844 ‘rapi
1073 763 1108 829 in

65 855 181 920 castra,
205 847 360 911 incertum
378 869 474 931 quem
491 853 666 911 senatorem
676 847 695 911 :’
716 869 803 924 mox,
827 847 1006 914 ‘Othonem
1025 871 1108 926 esse,

65 933 129 1018 qui,
143 934 346 1017 rapereturi'
376 933 470 998 simul
496 955 545 998 ex·
559 942 627 998 tota
649 931 750 1009 Urbe.
773 943 811 999 ut
835 934 974 1021 quisque
995 937 1107 1002 obvius

65 1021 184 1098 tuerat,
205 1019 259 1084 alii
282 1020 481 1084 formidinem
504 1021 814 1106 augentes,'quidam
829 1022 950 1087 minora
964 1045 1050 1099 vero,
1066 1045 1107 1087 ne

65 1115 135 1170 tum
149 1106 280 1190 quidem
295 1106 386 1171 obliti
407 1106 607 1171 adulationis.
652 1108 760 1192 Igitur
776 1109 1025 1174 consultantibus
1040 1110 1106 1193 pla·

64 1193 145 1267 cuit,
169 1193 304 1257 ‘tentari
319 1194 457 1283 animum
471 1194 618 1270 cohortis,
645 1217 719 1279 quse
741 1196 775 1258 in
797 1195 915 1280 palatio
938 1196 1107 1261 stationem

27 1265 42 1292 ⁸
64 1282 200 1365 agebat:
222 1302 280 1344 nec
294 1301 352 1365 per
366 1280 469 1364 ipsum
487 1279 655 1356 Galbam,⁰
680 1280 773 1366 cujus
786 1281 912 1368 integra
935 1283 1107 1348 auctoritas

64 1367 237 1451 majoribus
251 1367 398 1431 remediis
413 1367 621 1433 servabatur.'
652 1366 728 1432 Piso
744 1391 800 1453 pro
811 1370 960 1453 gradibus
972 1369 1103 1433 domus?

65 1461 195 1517 vocatos
209 1453 241 1517 in
261 1453 343 1516 huno
364 1455 492 1518 modum
515 1455 681 1518 adlocutus
700 1465 766 1518 est:
791 1457 932 1520 ‘Sextus
951 1457 1019 1520 dies
1039 1456 1107 1540 agi·

64 1547 128 1616 tur,
144 1540 384 1618 commilitones,
399 1563 442 1604 ex
457 1563 532 1624 quo,
546 1542 674 1624 ignarus
690 1541 801 1616 futuri,
814 1551 847 1605 et
858 1542 1107 1627 siveoptandum
1187 1590 1192 1606 ,

61 1625 123 1690 hoc
138 1647 249 1690 nomen
265 1627 332 1691 sive
348 1628 522 1691 timendum
542 1635 622 1702 erat,
638 1627 750 1693 Caesar
770 1629 911 1692 adscitus
932 1648 1019 1692 sum:
1042 1651 1107 1712 qno

58 1713 177 1776 domus
200 1722 314 1778 nostroe
329 1721 386 1778 aut
400 1713 583 1798 reipublicae
598 1714 676 1788 fato,
692 1714 724 1777 in
741 1723 845 1778 vestra
858 1734 953 1783 manu
967 1715 1107 1799 positum

62 1807 134 1879 est;
156 1821 230 1875 uon,
257 1801 333 1884 quia
353 1821 424 1864 meo
447 1800 572 1864 nomine
595 1800 764 1864 tristiorem
788 1819 895 1864 casum
911 1823 1054 1885 paveam,
1070 1812 1107 1866 ut

62 1886 133 1970 qui,
149 1887 298 1950 adversas
324 1909 374 1951 res
396 1896 567 1970 expertus,
584 1908 656 1951 cum
680 1886 820 1951 maxima
842 1886 972 1964 discam,
996 1911 1036 1952 ne
1057 1910 1105 1952 se-

59 1973 184 2039 cundas
198 1973 326 2056 quidem
340 1975 452 2038 minus
462 1973 648 2038 discriminis
662 1973 797 2048 habere;
817 1973 946 2058 patris‚⁹
967 1985 1000 2038 et
1013 1997 1104 2039 sena-

61 2067 126 2134 tus,
141 2067 177 2123 et
190 2060 289 2143 ipsius
304 2061 427 2144 imperii
441 2061 544 2125 vicem
561 2061 662 2134 doleo,
681 2060 710 2124 si
723 2060 811 2124 nobis
826 2067 883 2124 aut
893 2061 997 2144 perire
1012 2063 1106 2126 hodie

60 2166 194 2210 necesse
218 2154 279 2221 est,
304 2154 371 2225 aut,
398 2149 498 2230 quod,
515 2169 608 2231 oeque
635 2147 720 2230 apud
743 2147 838 2211 bonos
863 2144 1014 2210 miserum
1043 2158 1104 2224 est,

34 2232 216 2296 occidere.
262 2232 418 2298 Solatium
441 2234 578 2318 proximi
602 2239 725 2297 motns'
746 2233 936 2298 habebamus
961 2233 1104 2298 incruen-
1179 2228 1182 2239 ’

60 2327 128 2382 tam
154 2319 286 2395 Urbem,
311 2328 344 2383 et
369 2341 419 2383 res
441 2322 510 2385 sine
533 2320 689 2385 discordia
712 2319 891 2384 translatus.
922 2317 1104 2386 Provisum

59 2405 231 2489 adoptione
253 2407 431 2484 ridebatur,
448 2415 485 2471 ut
506 2428 547 2471 ne
566 2413 638 2491 post
656 2404 792 2471 Galbam
816 2405 945 2491 quidem
961 2406 1042 2470 bello
1058 2407 1103 2472 lo-

58 2513 119 2556 cus
133 2501 229 2556 esset.
329 2547 333 2555 .
839 2522 844 2533 =

102 2578 160 2645 uu.-
183 2577 297 2643 ‘Nihil
319 2580 472 2662 arrogabo
490 2577 569 2642 mihi
582 2577 756 2643 nobilitatis
772 2586 829 2642 aut
842 2577 1024 2643 modestiae:
1049 2599 1103 2643 ne·

56 2685 123 2748 que
145 2665 230 2729 enim
251 2666 355 2730 relatu
377 2667 533 2731 virtutum
553 2667 586 2729 in
608 2664 843 2751 comparatione
862 2663 996 2729 Othonis
1022 2687 1102 2749 opus

56 2763 120 2816 est.
160 2751 260 2828 Vitia,
290 2753 406 2837 quibus
434 2752 506 2817 solis
542 2752 707 2836 gloriatur,
745 2761 889 2817 evertere
922 2752 1101 2834 imperium,

55 2838 158 2902 etiam
184 2861 256 2903 oum
278 2839 418 2904 amicum
452 2839 678 2922 Imperatoris⁸
711 2846 834 2923 ageret.
878 2837 1045 2901 Habituue
1068 2849 1103 2904 et

57 2925 197 3002 incessu,
227 2947 267 2990 an
292 2925 345 2991 illo
374 2925 522 2990 muliebri
549 2934 685 2990 ornatu⁸
710 2932 885 2989 mereretur
910 2923 1101 3007 imperiuml

58 3008 240 3087 Fruuntur,
251 3013 365 3097 quibus
378 3012 505 3076 luxuria
520 3013 625 3096 specie
639 3010 837 3076 liberalitatis
847 3011 990 3094 imponit.
1022 3009 1102 3075 Per-

57 3097 136 3162 dere
150 3097 212 3162 iste
226 3099 317 3178 sciet,
337 3099 454 3164 donare
472 3100 603 3164 nesciet.
647 3099 768 3182 Stupro
785 3119 882 3172 nuuc,
898 3107 932 3160 et
947 3118 1100 3162 comessa·

56 3185 170 3263 tiones,
183 3184 217 3250 et
227 3185 429 3251 foeminarum
440 3193 546 3251 coetus
561 3183 660 3251 volvit
674 3184 798 3253 animos
817 3183 885 3247 hoec
894 3181 1099 3269 Principatus

87 3417 102 3442 ⁸
118 3407 365 3471 Fotigobut-Deos]
393 3408 500 3456 Observe
519 3408 562 3457 tha
625 3413 638 3440 r
654 3406 810 3472 Prummu-J
836 3405 867 3455 Iu
883 3407 961 3457 which
972 3408 1039 3458 Nero
1050 3422 1099 3459 was

53 3474 189 3538 eloqueuce
201 3474 227 3521 ol
235 3474 330 3523 Tacitus
340 3474 366 3521 iu
376 3474 424 3522 this
434 3489 543 3540 passage.
592 3469 734 3520 dethroued.

86 3539 329 3604 ’Nec—Gothum]
358 3538 416 3587 And
442 3540 494 3588 that
521 3538 562 3586 tha
623 3535 813 3600 ‘ImperatorisJ
829 3535 905 3586 Naro.

52 3605 160 3669 feelings
171 3602 199 3652 ct
207 3605 249 3652 tho
259 3605 343 3652 cohott
351 3619 415 3653 ware
425 3610 451 3651 to
460 3604 490 3652 be
501 3602 562 3652 tried
625 3603 634 3636 ⁸
651 3602 713 3654 Mul.
721 3601 785 3665 orn]
806 3601 854 3650 For
870 3603 912 3650 the
929 3617 987 3666 very
998 3601 1062 3650 soles
1073 3604 1100 3651 ot

53 3672 161 3719 without
182 3670 223 3717 the
249 3669 408 3717 intervention
428 3669 455 3714 ot
473 3666 561 3727 Galbir,
592 3664 764 3715 hisseatnero
778 3667 912 3730 persumed.
944 3666 1097 3714 Otho’srnir-

53 3737 110 3785 thot
130 3751 156 3783 so
175 3735 214 3782 his
229 3734 350 3799 authority
371 3732 455 3782 should
473 3735 502 3782 ba
523 3748 560 3782 re·
591 3746 632 3779 ror
652 3730 700 3779 sud
720 3731 759 3779 his
784 3733 853 3779 other
878 3732 1012 3779 effeminate
1030 3744 1098 3778 cruu-

53 3801 141 3851 uervod
152 3800 189 3848 tor
198 3799 240 3848 the
252 3799 297 3846 last
305 3799 442 3863 extremity.
575 3825 577 3831 ι
593 3804 678 3852 ments,
696 3796 774 3846 which
791 3811 852 3844 uera
870 3797 988 3842 uulrnonn
999 3808 1060 3840 even
1070 3802 1097 3842 to

46 3889 48 3893 ·
84 3872 101 3909 Ρ
118 3863 222 3927 mmor]
242 3864 294 3912 Tho
311 3863 418 3929 imperial
428 3861 561 3927 resideres,
591 3861 727 3909 Semiramis
741 3859 788 3908 rud
804 3860 938 3922 Cleopatra,
948 3874 988 3908 aro
998 3857 1097 3908 darided

53 3930 237 3993 orthepaltce.
451 3957 453 3959 >
592 3925 624 3992 by
635 3926 749 3983 Juvenal,
759 3925 787 3989 ii,
797 3929 838 3975 99.
847 3923 894 3974 &c

86 3993 212 4059 arus-u]
227 3992 316 4044 Galba.
460 4025 462 4028 .
823 4020 825 4027 ν
992 4021 993 4024 =
