2512 4372
39 223 111 274 sc.
126 203 199 288 69.]
341 215 613 269 nrsromsnuu
638 214 712 265 nm.
736 175 786 265 ιι.1
1034 194 1102 265 289

88 341 145 407 15.
171 338 243 404 Nec
267 335 448 417 Vitelliani,
463 345 658 422 quamquam
680 336 770 412 vieti,
797 333 966 421 quievere:
990 337 1102 402 accitis

42 428 190 504 auxiliis,
218 425 515 504 securumhostenr
545 446 583 489 ac
611 444 761 489 successu
796 443 904 486 rerum
939 425 1103 488 socordius

41 527 200 600 agentem
223 513 399 577 invadunt:
432 510 509 576 caesi
534 510 658 595 vigiles,
686 518 839 595 perrupta
864 518 978 585 castra,
1004 514 1104 596 trepi-

43 603 163 666 datum
187 601 273 685 apud
291 619 411 673 naves;
433 598 545 674 donec,
564 597 690 692 sidente
716 597 870 680 paulatim
894 605 993 672 metu,
1010 622 1105 666 oceu-

46 699 126 774 pato
137 689 254 774 juxta⁸
275 686 355 750 colle
379 685 514 759 defensi,
530 705 608 748 mox
629 684 795 767 inrupere·
836 681 944 747 Atrox
970 686 1016 749 ibi
1041 708 1103 751 cae-

46 777 120 851 des,
151 783 186 839 et
214 773 419 856 Tungrarum
448 771 627 837 cohortium
655 768 813 854 praefeoti,
841 778 1019 836 sustentata
1049 773 1106 840 diu

47 863 132 942 acie,
160 860 232 926 telis
252 861 442 925 obruuntur.
489 853 545 921 Ne
569 855 760 921 Othonianis
783 856 914 941 quidem
938 859 1108 926 incruenta

48 948 189 1014 victoria
202 947 277 1020 fuit,
296 968 432 1031 quorum
447 944 489 1009 im
514 944 625 1008 rovide
646 951 773 1007 secutos
797 945 941 1009 conversi
962 947 1107 1029 equites*

49 1035 340 1099 circumvenerunt.
379 1029 437 1105 ,Ao
451 967 541 1096 vehit
556 1031 659 1114 pactis
673 1028 821 1107 induciis,
838 1052 880 1094 ue
895 1030 968 1097 hino
986 1034 1106 1108 classis,

51 1122 131 1203 inde
153 1141 262 1205 eques,
279 1119 417 1184 subitam
433 1116 634 1183 formidinem
651 1117 817 1191 inferrent,
833 1115 1001 1183 Vitelliani
1022 1129 1109 1185 retro

53 1207 262 1292 Antipolimf'
288 1204 507 1270 Narbonensis
532 1203 650 1268 Gallice
672 1204 902 1289 municipium
935 1204 1110 1272 Othoniani

52 1295 320 1380 Albingaunum⁹
342 1292 499 1357 interioris
516 1289 671 1376 Ligurius,
687 1301 859 1356 revertere.

100 1379 340 1445 laconicam
365 1401 402 1443 ae
427 1377 619 1452 Sardiniam,
641 1386 829 1462 ceterasque
855 1378 992 1461 proximi
1014 1380 1110 1444 maris

55 1467 190 1542 insulas,
208 1467 294 1531 fama
308 1465 449 1530 viotriois
472 1464 582 1528 elassis
605 1464 638 1527 in
659 1464 803 1548 partibus
825 1463 964 1529 Othonis
983 1467 1088 1531 tenuit
1101 1491 1124 1530 :-

45 1555 116 1620 sed
133 1553 296 1617 Corsicam
313 1573 411 1637 prope
436 1552 561 1616 adflixit
586 1549 724 1614 Decumi
749 1550 878 1614 Pacarii
901 1556 1112 1636 procuratoris

56 1640 236 1714 temeritas,
254 1649 344 1704 tanta
363 1637 446 1702 mole
466 1637 551 1715 belli,
567 1636 646 1700 nihil
669 1636 703 1699 in
727 1645 905 1700 summam'
932 1639 1112 1723 profutura,

56 1727 123 1792 isi
152 1727 310 1790 exitiosa:
338 1746 489 1810 namque,
517 1722 655 1787 Othonis
678 1723 762 1797 odio,
793 1723 911 1807 juvare
944 1723 1114 1791 Vitellium

93 1814 237 1878 ursorum
266 1811 386 1877 viribus
416 1811 541 1886 statuit,
568 1810 656 1874 inani
685 1808 817 1885 auxilio,
848 1811 973 1876 etiamsi
1002 1834 1116 1897 prove·

57 1900 190 1965 nisset!
230 1897 364 1964 Vocatis
384 1897 580 1982 principibus
597 1896 721 1975 insulse,
739 1896 903 1961 consilinm
926 1900 1050 1982 aperit:
1082 1908 1115 1966 et

59 1987 280 2052 contradicere
317 2006 422 2062 ausos,
460 1983 633 2049 Claudium
673 1983 867 2063 Phirrieum,
905 1986 1116 2055 trierarchum

61 2073 315 2138 liburnicarum·
347 2071 391 2135 ibi
415 2071 555 2147 navium,
583 2069 773 2150 Quinctium
798 2069 943 2147 Certum,
973 2075 1117 2158 equitem

63 2159 259 2235 Romanum,
283 2158 420 2223 interfici
439 2159 552 2244 jubet:
584 2179 719 2242 qnorum
743 2166 845 2222 morte
873 2161 1032 2235 exterriti,
1059 2163 1118 2246 qui

62 2247 212 2320 aderant,
239 2246 333 2310 simul
354 2246 467 2330 ignara
487 2256 522 2309 et
543 2244 638 2308 alieni
662 2253 766 2308 metus
791 2244 876 2310 socia
899 2246 1118 2331 imperitorum

65 2334 174 2414 turba,
188 2333 237 2396 'in
265 2332 364 2397 verba
392 2331 517 2397 Vitellii
541 2331 703 2416 juravere.
761 2329 839 2411 Sed,
870 2333 925 2396 ubi
955 2333 1118 2402 deiectum

65 2441 165 2506 agere
195 2417 359 2499 Pacarius,
390 2428 424 2484 et
452 2418 631 2484 inconditos
661 2416 802 2481 homines
831 2419 968 2503 fatigare
996 2421 1118 2488 militia

66 2507 252 2572 muneribus
265 2506 417 2592 occoepit,
433 2506 573 2569 laborem
591 2505 752 2569 insolitum
773 2507 887 2588 perosi,
904 2507 1121 2575 infirmitatem

67 2614 161 2658 suam
188 2595 398 2677 reputabant:
437 2593 596 2657 ‘insulam
632 2612 713 2665 esse,
745 2613 840 2675 quam
870 2593 1054 2673 incolerent,
1085 2607 1120 2662 et

68 2680 166 2767 longe
196 2679 424 2744 Germaniam⁰
456 2679 608 2763 viresque
633 2678 813 2762 legionum:
848 2680 989 2766 direptos
1014 2693 1119 2748 vasta·

70 2777 187 2851 tosque
201 2764 326 2849 classe?
348 2767 447 2832 etiam
471 2787 551 2850 quos
574 2765 720 2830 cohortes
746 2765 870 2850 alaeque
895 2773 1121 2853 protegerent!

71 2851 120 2918 Et
139 2854 243 2918 aversi
269 2863 402 2937 repente
421 2852 538 2928 animi;
569 2873 630 2916 nec
656 2860 764 2916 tamen
790 2863 902 2937 aperta
926 2856 979 2919 vi:
1010 2866 1122 2942 aptum

71 2950 200 3025 tempus
236 2940 356 3005 insidiis
387 2940 506 3024 legere.
569 2938 742 3023 Digressis,
772 2940 830 3023 qni
858 2939 1028 3006 Pacarium
1058 2945 1125 3010 fre·

72 3027 283 3111 quentabaut,
308 3027 415 3090 nudus
443 3035 478 3090 et
500 3025 615 3090 anxilii
642 3026 743 3110 inops,
768 3027 901 3091 balineis
922 3028 1123 3108 interficitur,

73 3113 228 3177 trucidati
241 3122 276 3178 et
290 3115 432 3178 comites.
470 3112 598 3196 Capita,
616 3117 653 3176 ut
667 3114 817 3191 hostium,
828 3113 890 3198 ipsi
904 3114 1124 3186 interfectores

73 3199 118 3265 ad
134 3198 295 3264 Othonem
311 3201 432 3265 tulere:
454 3221 561 3284 neque
575 3221 630 3264 eos
645 3207 703 3264 aut
728 3198 817 3263 Otho
840 3203 970 3285 proemio
995 3207 1125 3289 adfecit,

75 3418 157 3468 tectsd
169 3416 304 3467 Vitellins’s
314 3426 395 3483 troops
405 3419 431 3468 in
439 3419 502 3468 their
508 3419 586 3484 night
618 3433 689 3484 gures
704 3416 817 3481 Ingauni.

75 3483 497 3548 msulustfflragmfflnevrms.
522 3485 586 3532 ‘Tis-
651 3493 664 3516 ³
682 3485 849 3550 Insummrm]
867 3485 899 3536 A.
912 3488 965 3546 xiii,
977 3493 1017 3540 38.
1046 3492 1138 3542 ‘Nihil-

76 3550 143 3600 hoila
159 3549 268 3598 obtentui
283 3550 336 3605 erit,
350 3565 398 3614 quo
414 3551 492 3614 magis
509 3550 588 3597 animo
620 3547 646 3598 in
656 3564 772 3597 summam
784 3551 850 3613 pacis
861 3554 1044 3616 proiciebatur!

75 3617 154 3665 libero
164 3615 243 3663 tacere
254 3613 341 3663 audeat
351 3616 372 3662 ε’
382 3616 401 3672 i,
410 3621 450 3665 lo.
462 3616 590 3666 ‘Secunde
655 3622 668 3657 ν
685 3615 790 3664 Etiamsi
797 3619 956 3684 provenisset]
972 3621 1040 3668 Eren
1054 3622 1074 3668 if
1092 3622 1132 3670 the

73 3695 116 3730 res
126 3680 184 3728 mire
195 3687 253 3727 sunt
262 3680 327 3728 vitiis
337 3680 463 3731 obtentui!
623 3679 891 3744 planhadsucceedsd.

110 3751 121 3778 ⁸
136 3744 230 3806 Juxta]
247 3744 363 3794 Nearthe
373 3761 453 3810 conrp.
656 3753 668 3778 ¹
684 3745 878 3810 Liburnicarum]
896 3747 927 3794 A.
938 3747 989 3807 xvi,
1001 3751 1041 3796 14.

113 3807 241 3873 ‘Equites
271 3809 436 3859 OfVitetiins.
657 3819 669 3843 ⁶
685 3811 769 3871 Longe
792 3811 887 3872 Germ]
909 3812 996 3859 Which
1013 3814 1070 3860 with
1092 3817 1133 3863 the

112 3882 129 3908 ⁸
144 3875 208 3924 Anti
250 3873 291 3938 'm]
306 3873 370 3923 Now
380 3875 491 3926 Astibos·
626 3875 731 3924 German
740 3876 833 3940 legions
842 3878 890 3924 had
902 3879 974 3924 taken
985 3877 1026 3925 the
1042 3879 1094 3928 side
1113 3881 1140 3929 oi

114 3947 127 3973 '
144 3940 336 4004 Albingaunum]
363 3940 421 3988 This
440 3941 518 4004 place,
540 3956 595 3990 now
627 3941 750 3991 Vitellius.

80 4005 162 4056 culleo
182 4005 296 4068 sanga,
318 4019 365 4054 was
385 4020 473 4072 among
493 4008 534 4055 the
556 4006 595 4055 Li·
660 4003 671 4038 δ
691 4006 757 4056 Vnst.
768 4005 852 4076 cluere]
876 4004 1023 4056 ch.12.&c.

156 4093 213 4144 Tor.
610 4093 647 4142 II.
1036 4093 1094 4138 ‘m
